3248 5072
713 505 753 572 75

274 675 365 742 Dum
384 705 416 732 ε
440 673 466 740 »i
492 673 548 740 det
575 678 638 740 att»
671 673 790 760 sapius
824 672 873 739 ita
904 675 1090 759 usurpatur,
1117 679 1155 740 ut
1180 674 1216 740 in
1238 698 1276 742 eo

189 776 293 842 lateat
313 775 405 841 notio
427 773 577 841 causalis.
603 776 630 854 1,
652 774 703 853 23,
725 775 747 838 4
769 772 847 838 dum
869 771 1025 839 brevitati
1044 773 1223 841 studemus.
1249 775 1276 856 1,

189 876 240 956 28,
265 876 283 940 7
302 875 384 941 dum
405 897 457 941 me
478 879 661 961 temporum
684 878 870 939 nostrorum
893 872 985 960 piget
1005 871 1178 960 tadetque.
1202 874 1234 940 D
1247 878 1276 956 2,

188 978 219 1056 4,
246 978 267 1042 2
292 975 549 1043 innumerabilia
581 997 653 1041 esse
687 973 851 1053 dicuntur,
880 973 1053 1059 quadum
1082 974 1277 1062 jactantiam

189 1077 283 1156 vitat,
306 1075 459 1142 occuluit.
503 1075 690 1160 (Interdum
714 1071 782 1140 (lic.
807 1078 840 1140 et
862 1078 995 1161 postor.)
1028 1079 1049 1158 ).

273 1193 298 1258 J
301 1215 351 1259 am
386 1214 485 1279 supra
517 1191 667 1277 exempla
700 1190 866 1269 annotavi,
894 1190 952 1256 ubi
978 1193 1074 1257 indic.
1101 1197 1176 1279 post
1203 1197 1278 1259 dum

189 1287 330 1458 pargq'bin
354 1315 398 1358 or.
422 1293 485 1358 obl.
509 1296 655 1358 retentus
677 1290 839 1377 reperitur
861 1289 956 1377 (Arg.
980 1296 1030 1358 aet.
1054 1292 1189 1380 Draeger
1210 1293 1231 1360 l.
1254 1291 1276 1359 l.

189 1418 219 1482 r·
306 1397 327 1478 )·

272 1512 382 1578 Donec
405 1544 432 1565 =
458 1510 526 1576 »till
548 1508 622 1576 deas
651 1512 714 1575 att»
736 1508 899 1576 sexcentis
921 1508 1003 1575 locis
1020 1510 1108 1597 apud
1121 1487 1278 1577 Severum

190 1611 331 1678 occurrit
353 1617 386 1676 et
407 1609 540 1697 quidem
563 1609 741 1698 saepissime
763 1631 837 1676 cum
850 1613 935 1699 perf.
948 1613 1044 1675 indic.
1057 1609 1276 1699 conjunctum.

190 1711 248 1779 cfr
272 1713 299 1792 1,
320 1715 351 1791 4,
373 1713 402 1776 4.
428 1711 455 1790 1,
479 1713 527 1791 14,
549 1713 578 1776 4.
605 1711 632 1790 1,
655 1713 705 1790 24,
728 1711 747 1775 3
770 1714 803 1776 et
823 1711 845 1774 4
866 1714 899 1775 et
920 1709 949 1775 5.
974 1711 1002 1791 1,
1025 1711 1075 1791 29,
1091 1712 1119 1776 9.
1145 1711 1276 1792 1,48,3.

191 1815 218 1890 1,
240 1812 292 1892 46,
315 1813 343 1877 3.
380 1813 407 1893 1,
428 1810 522 1892 ὁΟ,4
549 1811 584 1877 Μ
605 1814 635 1891 4,
660 1812 686 1875 1.
717 1811 765 1889 16,
789 1811 819 1890 8,
842 1810 971 1898 sapius.
1017 1808 1099 1895 (Cic.
1124 1816 1279 1900 quattuor

189 1913 280 1991 locis,
303 1935 465 1999 nusquam
495 1910 576 1978 Cas.
601 1910 696 1990 Sall,
735 1910 808 1977 Liv.
833 1915 943 1977 autem
966 1916 1102 1998 etpost.
1126 1911 1277 1999 frequen·

189 2009 287 2097 ter²).
332 2011 416 2079 Oum
438 2017 587 2100 procerti
614 2013 720 2077 tiator.
741 2011 907 2098 junctum:
932 2012 967 2076 M
991 2011 1039 2091 12,
1061 2013 1083 2076 4
1103 2011 1278 2080 ridiculam

189 2113 224 2180 in
251 2112 448 2199 vertiginem
481 2111 683 2185 rotabantur,
718 2111 820 2177 donec
917 2110 996 2177 victi
1024 2113 1167 2199 corporis
1195 2115 1277 2180 onus

188 2219 324 2301 ponunt.
360 2212 536 2299 (Exempla
569 2211 713 2278 Liviana
739 2210 918 2277 laudantur
932 2206 970 2294 ³).
1022 2213 1183 2300 Coajuuct.
1217 2219 1278 2280 im-

183 2317 270 2404 perf.
300 2303 483 2402 subjicitur,
518 2318 555 2378 ut
588 2311 762 2378 consilium
795 2311 1005 2398 exprimatur.
1039 2313 1073 2391 2,
1096 2312 1151 2392 50,
1179 2315 1277 2381 811-

190 2419 317 2481 centem
422 2412 549 2500 redegit
581 2412 617 2478 in
651 2411 849 2491 custodiam,
886 2411 989 2477 donec
1023 2412 1064 2477 ad
1096 2413 1277 2502 prinoipem

188 2515 332 2581 referret.
365 2513 538 2580 Interdum
561 2513 661 2579 etiam
683 2512 731 2578 ibi
752 2518 941 2600 usurpatur,
965 2511 1022 2578 ubi
1039 2513 1132 2579 nulla
1147 2515 1278 2581 consilii

191 2614 388 2703 significatio
416 2612 597 2704 excogitari
628 2612 741 2700 possit.
775 2613 808 2677 D
831 2614 860 2693 2,
883 2613 913 2693 5,
936 2614 955 2679 8
982 2636 1187 2700 nequaquam
1222 2615 1277 2681 ad·

190 2738 322 2803 surgere
350 2720 400 2781 est
424 2713 579 2800 dignatus
603 2713 756 2793 adstanti,
780 2713 883 2780 donec
905 2713 1029 2801 regiam
1052 2714 1167 2781 sellam
1190 2715 1277 2803 ignis

181 2816 339 2904 operiret.
384 2813 572 2902 (Ooujuuct.
598 2819 673 2902 post
700 2813 803 2880 donec
824 2819 907 2902 part.
931 2811 1071 2880 occurrit
1094 2816 1181 2904 apud
1204 2816 1276 2883 Oat.

190 2923 227 3002 (r.
250 2940 275 2982 r.
298 2915 352 3000 54)
375 2914 463 3002 Aug.
488 2915 550 2981 aevi
572 2919 657 3002 poet.
681 2914 754 2981 Liv.
778 2919 876 3001 post.)
910 2920 931 2998 ).

274 3047 384 3116 Simili
406 3049 502 3116 modo
526 3049 613 3135 apud
635 3047 826 3115 recentioris
849 3049 956 3116 aetatis
979 3051 1089 3138 script.
1108 3054 1187 3138 conj.
1200 3056 1277 3140 imp.

190 3154 293 3238 quoad
314 3149 484 3236 particula
511 3149 693 3236 subjicitur,
716 3148 773 3216 ubi
785 3148 980 3236 simpliciter
990 3151 1145 3238 temporis
1164 3153 1277 3226 ,termi-

190 3272 263 3330 nus,
291 3250 332 3316 ad
360 3271 457 3335 quem
485 3248 611 3335 aliquid
643 3249 780 3336 produci
802 3248 932 3329 dicitur,
956 3250 1160 3338 significatur
1174 3249 1213 3336 ⁵).
1248 3255 1277 3334 2,

189 3352 240 3431 46,
269 3351 287 3415 7
315 3355 348 3415 et
374 3351 402 3416 8.
446 3349 694 3415 Priscillianum
727 3371 793 3416 uon
826 3351 933 3416 solum
966 3352 1191 3434 consensione,
1220 3354 1278 3422 sed

190 3452 250 3518 sub
273 3449 415 3537 quadam
437 3448 662 3537 conjuratione
685 3455 907 3536 susceperant,
929 3452 1037 3538 quoad
1048 3453 1205 3540 Hyginus

191 3556 361 3638 comperta.
378 3550 420 3616 ad
441 3548 609 3616 Ydacium
631 3550 787 3619 Emerita
800 3551 1003 3626 sacerdotem
1014 3551 1158 3621 referret.
1183 3555 1277 3638 (Bre-

190 3653 275 3719 viter
302 3651 439 3730 dictum;
474 3650 695 3737 supplendum
722 3650 866 3718 videtur:
901 3653 972 3739 »qui
998 3657 1103 3720 status
1131 3655 1277 3736 mansit»,

191 3750 313 3840 quoad.
352 3749 411 3816 Otr
443 3749 518 3816 Tac.
553 3773 627 3816 ann.
660 3752 709 3830 13,
735 3754 778 3818 44
804 3758 1086 3839 commoveratque
1119 3755 1277 3840 quosdam

189 3901 386 3912 ....—-—--—

280 3968 303 4040 ¹)
325 3972 371 4028 Otr
393 3974 503 4044 Draegcr
526 3975 591 4030 Tac.
615 3974 631 4042 ἕ
657 3975 725 4030 168.

277 4053 302 4129 ²)
326 4060 439 4115 Kiihner
462 4061 481 4114 l.
505 4058 523 4117 l.
548 4079 576 4131 p.
602 4061 673 4118 915.
709 4061 838 4117 lidhnaet
859 4081 887 4132 p.
913 4063 984 4118 242.
1018 4062 1129 4134 Draegcr
1152 4081 1179 4132 p.
1205 4065 1276 4121 584.

278 4139 302 4215 ⁸)
325 4145 371 4201 cfr
393 4147 504 4218 Draegor
527 4147 546 4202 l.
570 4148 589 4202 l.
613 4165 642 4217 p.
668 4147 739 4203 584.
785 4148 899 4204 Kfihucr
921 4149 939 4202 l.
965 4150 984 4205 1.
1009 4167 1036 4219 p.
1062 4151 1132 4205 913.

277 4225 301 4300 ι)
324 4233 437 4305 Draeger
459 4232 478 4288 1.
502 4233 521 4288 1.
544 4251 572 4304 p.
597 4233 658 4290 584
683 4252 739 4305 seq.
786 4236 900 4290 lifihner
923 4255 950 4305 p.
975 4237 1035 4292 913
1059 4253 1115 4305 seq.

277 4313 302 4390 ⁵)
326 4318 438 4391 Draegcr
462 4319 481 4374 l.
504 4319 523 4375 1.
547 4338 575 4390 p.
600 4320 671 4376 588.
824 4317 826 4322 ’
