3248 5072
828 496 870 558 54

302 663 514 745 infrequenter
540 665 570 726 in
601 665 706 727 eodem
735 663 884 762 orationis
914 673 1023 728 tenore
1051 665 1175 728 variant
1202 665 1283 728 inter
1306 681 1338 728 se
1361 676 1393 729 et

304 772 521 844 permutantur
549 773 691 845 tempora
717 766 773 838 ita,
797 773 831 826 ut
849 787 987 848 pricaeus
1009 766 1187 856 historicum
1211 765 1392 852 imperfecto

304 865 487 944 excipiatur.
510 869 539 939 2,
562 864 592 938 6,
614 867 634 927 3
656 865 760 928 subito
782 885 836 926 rex
859 866 1054 946 conspicatur
1077 867 1188 947 digitos
1212 867 1392 940 scribentes,

301 966 568 1046 ,cernebanturque
592 1011 644 1027 ...
668 965 789 1028 litteras.
834 967 954 1046 Saepins
976 967 1108 1046 scriptor
1125 969 1306 1050 apraeseoto'
1322 966 1391 1030 bist.

302 1066 346 1134 cd
363 1064 539 1151 perfectum
562 1074 593 1128 et
616 1074 723 1128 contra
746 1064 925 1151 aperfeoto
947 1068 1137 1151 impraesens
1160 1069 1246 1130 abiit.
1270 1071 1299 1141 2,
1322 1069 1352 1141 8,
1373 1071 1391 1130 2

301 1167 360 1228 dat
382 1175 569 1246 potestatem
666 1166 824 1238 redeundi,
848 1185 936 1228 sacra
959 1169 1051 1229 etiam
1075 1189 1152 1230 vasa
1244 1162 1391 1231 reddidit.

303 1269 333 1338 2,
356 1267 406 1340 21,
429 1267 448 1328 5
472 1267 576 1346 copias
671 1267 806 1347 partitur
903 1268 1070 1330 committit
1155 1270 1222 1348 ipse
1234 1271 1392 1349 profectus

302 1375 362 1430 est.
385 1369 414 1440 2,
433 1368 488 1441 25,
510 1369 529 1428 2
552 1368 650 1430 cernit
673 1413 724 1428 ...
746 1367 873 1430 simulet
969 1368 1134 1431 interfecit.
1158 1371 1187 1442 2,
1203 1371 1393 1442 30,2sumit

302 1467 464 1547 imperinm
483 1476 514 1528 et
597 1468 811 1531 consalutatus
824 1469 913 1551 (est).
935 1469 1040 1531 Titum
1065 1501 1098 1530 .:.
1118 1515 1125 1531 .
1150 1470 1303 1532 Censorem
1317 1471 1393 1532 facit

303 1567 541 1647 ...negotium
570 1570 688 1632 datum.
722 1569 750 1630 D
778 1569 808 1642 3,
835 1571 865 1642 2,
892 1568 921 1632 6.
949 1570 1106 1634 benedicit
1133 1571 1234 1652 adque
1261 1570 1307 1630 ita

303 1668 427 1730 infudit.
450 1670 479 1741 2,
502 1669 552 1741 23,
576 1671 595 1729 2
618 1669 731 1731 bellum
755 1669 871 1742 intulit,
894 1671 995 1733 victus
1018 1691 1124 1751 pacem
1144 1671 1232 1750 petit.
1256 1673 1285 1743 2,
1298 1672 1348 1744 25,
1362 1671 1391 1733 6.

302 1769 481 1850 Hyrcanum
516 1769 614 1831 libens
643 1768 765 1849 excepit
792 1769 946 1850 ductuque
970 1772 1035 1849 ejus
1062 1772 1182 1834 Iudaeos
1205 1772 1392 1852 aggreditur.

302 1867 406 1930 Etiam
432 1869 620 1949 antiquiores
643 1869 749 1948 script.
771 1869 924 1932 interdum
949 1871 996 1932 ita
1018 1872 1112 1932 locuti
1134 1881 1208 1933 sunt
1223 1864 1264 1951 ¹).

388 1984 529 2047 Praeoens
545 2007 608 2070 pro
625 1984 768 2071 perfecto
783 1987 916 2066 positum
929 1987 1061 2050 videtur.
1086 1990 1113 2050 D
1126 1991 1156 2063 2,
1173 1991 1199 2063 l,
1211 1991 1231 2051 4
1245 1989 1392 2072 (sellula)

302 2106 381 2167 ques
405 2107 458 2146 nos
481 2087 587 2148 rustici
612 2087 695 2149 Galli
719 2087 893 2167 tripeccias,
916 2108 971 2150 vos
993 2089 1149 2152 scolastici
1173 2099 1228 2151 aut
1251 2098 1333 2152 certe
1346 2099 1392 2162 tu,

302 2187 355 2268 qni
384 2188 422 2248 de
450 2186 571 2250 Graecia
603 2188 700 2260 venis,
732 2187 873 2268 tripodas
906 2190 1102 2269 nuncupatis.
1148 2189 1269 2252 Similia
1298 2191 1391 2252 etiam

304 2289 386 2368 apud
409 2296 529 2350 veteres
552 2297 715 2351 occurrunt
730 2280 771 2371 ί’).

386 2405 544 2477 1311111111,Ι
560 2385 611 2467 ubi
634 2405 790 2484 legitimus
812 2405 994 2468 Latinorum
1018 2427 1092 2469 usus
1108 2407 1259 2493 sutorum
1282 2410 1392 2489 poscit,

302 2507 416 2586 saepius
450 2506 584 2586 positum
619 2506 780 2584 reperitur,
810 2507 889 2587 quod
921 2502 1017 2588 genus
1047 2508 1189 2589 loquendi
1214 2530 1229 2570 e
1252 2529 1391 2571 sermone

304 2605 484 2686 quotidiano
511 2606 634 2666 videtur
661 2605 787 2668 fluxisse
803 2597 844 2689 ³).
879 2607 907 2668 D
933 2608 959 2680 l,
985 2608 1033 2682 12,
1057 2609 1076 2669 5
1100 2618 1296 2682 mementote,
1321 2611 1392 2691 qnia
1463 2661 1465 2666 .

304 2727 363 2768 non
393 2707 458 2766 sine
485 2707 609 2767 foenore
631 2706 724 2767 istum
749 2708 831 2787 apud
855 2726 908 2770 vos
931 2708 1049 2788 depono
1072 2729 1258 2772 sennonem:
1294 2710 1392 2772 libens

303 2815 426 2887 praesto,
453 2806 533 2886 quod
563 2805 699 2885 poscitis.
738 2807 766 2868 D
790 2809 819 2880 2,
841 2806 871 2881 9,
894 2808 912 2870 5
937 2829 1003 2871 cum
1031 2809 1165 2883 libuerit,
1193 2811 1224 2872 in
1248 2820 1392 2891 promptu

303 2907 409 2969 habes.
433 2907 461 2968 D
484 2909 514 2980 2,
540 2907 587 2978 11,
610 2901 629 2967 7
651 2906 747 2968 habet
770 2915 801 2968 et
823 2908 878 2969 illa
900 2909 1025 2988 gloriam
1050 2931 1148 2983 suam,
1166 2911 1192 2972 si
1209 2909 1389 2992 pudicitiam

303 3009 369 3070 viro
392 3008 521 3068 absente
545 3007 724 3069 servaverit.
768 3008 967 3088 Negligentia
989 3013 1121 3090 quadam
1140 3011 1391 3093 scriptorisprae-

301 3129 375 3170 sens
402 3108 555 3168 interdum
586 3108 723 3170 futurum
752 3109 899 3190 seqnitur.
933 3110 969 3170 Ε.
993 3111 1022 3182 3,
1047 3108 1085 3172 16
1108 3111 1182 3172 nihil
1205 3111 1235 3173 in
1260 3131 1390 3174 me...

302 3209 452 3288 reperies:
477 3208 613 3270 Abrahae
637 3229 684 3270 me
707 3209 792 3271 sinus
814 3210 933 3290 recipit.
976 3211 1037 3273 Pro
1053 3210 1168 3296 futuro
1191 3222 1297 3274 coacto
1315 3213 1392 3292 legi·
1417 3255 1427 3300 -.·'

303 3317 356 3369 tur
383 3328 527 3388 praesens.
563 3310 597 3371 M
619 3303 670 3382 27,
692 3310 712 3374 4
735 3330 805 3372 nam
830 3311 856 3372 si
877 3311 1031 3385 irascitur,
1055 3314 1092 3374 de
1115 3333 1147 3375 se
1170 3313 1286 3374 dictum
1310 3314 1392 3374 fate-

304 3408 397 3469 bitur.
428 3409 455 3469 E
478 3410 507 3482 3,
529 3409 554 3472 5.
571 3409 597 3470 si
621 3411 677 3470 das
699 3409 789 3471 fidem
813 3447 852 3456 —
876 3420 936 3472 tuae
959 3413 1150 3476 satisfaciam
1174 3413 1338 3474 voluntati.
1366 3413 1391 3474 Ε

303 3510 334 3582 3,
357 3509 377 3569 4
399 3508 424 3570 si
448 3508 531 3571 aliud
555 3509 642 3570 vobis
666 3510 838 3588 exemplum
867 3511 1015 3592 relinquo,
1038 3513 1171 3591 peceavi.
1216 3514 1245 3575 D
1268 3515 1297 3588 2,
1321 3508 1350 3586 7,
1372 3514 1392 3574 4

304 3609 409 3672 felices
443 3618 542 3682 erunt,
571 3610 596 3671 si
625 3629 644 3670 a
673 3609 835 3689 disciplina
869 3613 1000 3693 exempli
1034 3613 1124 3674 istius
1153 3634 1211 3675 non
1235 3615 1391 3676 recedant.

302 3710 461 3772 Nonnulla
495 3709 588 3772 etiarn
619 3712 701 3790 apud
733 3710 886 3785 classicos,
915 3712 964 3793 qui
995 3713 1147 3786 dicuntur,
1171 3715 1277 3794 script.
1300 3715 1392 3793 hujus

304 3829 379 3872 usus
403 3819 529 3872 exstant
552 3811 694 3892 exempla
709 3802 749 3892 ⁴).

363 4095 367 4104 .
392 4039 416 4114 ¹)
438 4045 484 4101 cfr
506 4047 618 4120 Draeger
641 4049 659 4104 l.
683 4049 704 4103 1.
727 4066 756 4118 p.
781 4049 852 4104 230.

185 4091 190 4104 ’
306 4133 308 4144 ·
392 4125 415 4196 ²)
438 4131 553 4189 nonnos
577 4135 595 4188 1.
619 4135 639 4188 1.
663 4153 691 4206 p.
716 4135 754 4190 so
778 4151 834 4204 seq.

289 4255 291 4261 .
392 4211 417 4286 l)
439 4219 525 4274 Holze
547 4220 566 4276 l.
590 4221 610 4275 l.
634 4238 662 4290 p.
687 4223 823 4276 67—69.

390 4299 418 4374 ⁴)
440 4305 551 4377 Drmger
574 4306 593 4360 1.
618 4307 636 4361 1.
660 4326 688 4378 p.
714 4309 785 4363 287.
830 4307 945 4364 Kilhner
966 4309 985 4364 l.
1009 4309 1036 4364 l.'
1052 4329 1080 4381 p.
1105 4311 1141 4366 91
1167 4314 1196 4365 et
1222 4311 1298 4365 109.Ι
