3248 5072
756 469 796 536 49

230 647 356 728 sapius,
387 645 509 729 (Plaut.
534 646 603 710 Ter.
626 647 716 710 Lucr.
739 647 823 710 Just.
838 646 945 732 Tac).
978 648 1007 711 D
1031 648 1059 721 l,
1081 648 1111 722 b,
1134 647 1323 730 6111111111-

232 756 297 811 tum
332 747 359 812 ei
392 748 610 810 vestimentum
644 745 845 811 indulsimus.
877 747 1011 823 1).1,1,
1034 745 1054 810 9
1081 757 1118 812 ut
1146 747 1321 832 iudulysret
1407 733 1411 740 .

231 839 356 912 scele'ris
378 847 518 923 veniam3
542 849 587 910 cir
608 848 637 911 D
660 849 690 922 2,
712 849 742 920 3,
767 848 814 910 10.
848 848 877 910 D
899 849 930 922 3,
954 848 1054 922 13,1.
1087 847 1173 931 (Liv.
1195 849 1247 924 40,
1272 850 1320 921 lb,

233 947 281 1011 16.
305 967 368 1029 arg.
390 956 441 1010 eut.
464 947 601 1032 scr.).:D
626 943 754 1022 1,27,6
777 949 858 1030 quod
880 955 912 1011 te
935 958 1038 1012 munet
1060 949 1192 1029 explica.
1215 951 1321 1029 (Poeu

164 1055 169 1068 ’
230 1047 299 1110 Liv.
322 1046 420 1131 post).
443 1049 477 1111 M
498 1050 528 1122 2,
550 1050 569 1110 2
592 1048 728 1112 divinam
750 1048 931 1112 servitutem
960 1069 1050 1113 sacra
1076 1050 1206 1112 illustris
1232 1050 1319 1131 pueri

230 1149 365 1232 spiravit
396 1149 541 1212 infantia.
569 1149 673 1231 (Poat.
696 1152 801 1231 post).
837 1150 864 1223 l,
887 1148 1163 1223 structorum
1186 1151 1319 1234 potitus,

231 1247 317 1332 (Ter.
338 1250 422 1312 Just.
445 1250 547 1330 Tac).
571 1250 607 1312 Ε.
622 1244 923 1333 2,7tniumpbatum
941 1251 1095 1314 saeculum.
1119 1250 1318 1336 (Poet.Pliu.

107 1383 110 1386 ·
231 1349 332 1432 Tac).
380 1405 383 1412 .

314 1467 496 1529 Accusativi
529 1461 630 1529 uerbis
663 1464 818 1550 copulatis
851 1467 1007 1546 subjuncti
1042 1467 1185 1548 exempla
1218 1468 1319 1531 miuus

231 1567 350 1629 usitata
381 1567 445 1629 hac
477 1575 559 1628 suut.
593 1569 622 1640 2,
645 1565 695 1640 26,
724 1567 743 1628 5
770 1567 869 1630 victor
897 1567 1033 1629 omnium
1060 1568 1208 1648 gentium,
1243 1588 1319 1649 quas
1357 1631 1358 1634 ,

231 1667 362 1729 adierat.
387 1665 497 1750 (Verg.
509 1667 588 1728 Aen.
601 1669 631 1740 2,
653 1661 724 1729 379.
748 1666 831 1751 sit).
857 1668 890 1740 l,
909 1667 957 1740 15,
980 1669 999 1728 2
1022 1667 1184 1731 Abraham
1204 1676 1317 1730 terram

232 1767 474 1831 Chananaeorum
499 1776 675 1830 accesserat.
699 1767 793 1847 (Nep.
816 1770 867 1840 23,
888 1767 919 1841 8,
944 1768 970 1829 1.
994 1767 1071 1830 Sall.
1097 1767 1176 1850 alii).
1202 1770 1229 1842 1,
1252 1769 1320 1842 ab

231 1887 333 1930 arcam
358 1887 497 1948 egressus
521 1876 578 1930 est.
602 1867 727 1950 (Rerum
752 1867 944 1952 scriptores).
968 1869 996 1930 D
1022 1869 1049 1942 l,
1072 1869 1101 1942 3,
1124 1869 1317 1931 brentorum

231 1987 321 2031 casus
343 1969 486 2041 eoadem
507 1970 552 2031 cir
574 1970 603 2041 2,
626 1967 655 2042 6,
677 1969 707 2030 4.
731 1967 814 2048 (Liv.
838 1978 919 2049 poet.
943 1966 1051 2051 post).
1077 1970 1104 2043 1,
1127 1969 1177 2043 23,
1196 1970 1320 2032 btauta

230 2067 288 2130 boo
320 2076 458 2148 tempore
491 2069 609 2131 animos
643 2069 1318 2148 1111111111ᾱί111111111111111111,
1359 2133 1381 2144 ,

230 2168 281 2242 38,
303 2168 332 2230 6.
356 2166 439 2251 (Liv.
463 2169 537 2230 Tac.
560 2169 654 2248 Apud
678 2167 834 2242 classicos,
858 2169 908 2250 qui
937 2178 1097 2244 vocantur,
1126 2170 1231 2250 script.
1261 2172 1320 2232 da-

231 2269 314 2330 tivus
341 2269 428 2350 sequi
456 2269 544 2330 solet.
578 2269 710 2330 Kiihner
737 2269 799 2331 1.1.
824 2287 852 2348 p.
878 2267 963 2350 199).
997 2270 1023 2331 E
1051 2270 1080 2342 3,
1108 2271 1145 2330 10·
1171 2271 1320 2333 invadent

231 2389 351 2450 gregem
374 2377 472 2430 tuum.
497 2365 608 2453 (Apud
622 2368 697 2431 Sali.
711 2387 831 2448 semper
854 2369 936 2431 solus
959 2370 1186 2450 consequitur,
1209 2371 1319 2452 saepis-

232 2470 307 2532 sime
331 2471 412 2549 apud
436 2470 569 2531 Livium.
593 2469 656 2532 Cic.
679 2469 710 2530 in
733 2489 796 2550 seq.
820 2487 883 2531 acc.
895 2489 1017 2551 semper
1028 2469 1141 2552 ponit).
1174 2469 1321 2544 1)2,9,6

231 2570 410 2633 venantium
440 2589 548 2651 agmen
579 2571 778 2632 incurrimus.
813 2567 932 2653 (Post.)
955 2571 988 2631 M
1011 2571 1061 2644 23,
1084 2569 1103 2633 6
1129 2578 1244 2632 terram
1268 2572 1320 2632 in-

231 2668 424 2734 sultantium.
458 2672 487 2743 2,
510 2672 561 2746 23,
585 2671 600 2731 1
620 2669 832 2754 preeuntibus
863 2671 957 2733 aciem
983 2670 1167 2751 elephantis.
1201 2669 1319 2756 (Tac),

233 2772 261 2843 l,
286 2771 333 2844 lb,
356 2769 376 2832 6
397 2771 460 2832 ima
493 2771 642 2833 montium
675 2791 853 2834 successore.
894 2769 974 2854 (Cic.
997 2790 1027 2851 p.
1058 2772 1147 2833 domo
1176 2769 1226 2833 44.
1249 2771 1318 2833 Liv.

231 2871 305 2934 Tac.
328 2872 453 2952 Draeger
475 2871 493 2932 Ι.
518 2871 537 2932 Ι.
561 2891 590 2951 p.
613 2870 700 2953 381).
890 2863 896 2876 '

314 2989 487 3062 Locutioni,
512 2995 647 3069 quaeest
672 2996 826 3050 auctorem
851 2989 1006 3060 accedere,
1030 2988 1226 3050 accusativus
1245 2990 1321 3050 sub-

226 3089 380 3169 jungitur,
416 3091 442 3161 l,
475 3091 501 3161 l,
529 3089 550 3150 4
582 3109 628 3161 11,
658 3107 724 3169 quae
759 3088 955 3172 digessimus,
984 3107 1043 3149 non
1072 3089 1118 3150 ita
1147 3088 1320 3170 legentibus

232 3197 340 3250 auctor
363 3189 553 3263 accesserim,
576 3197 612 3250 ut
634 3186 787 3271 (1111123,
808 3187 856 3262 16,
878 3188 924 3249 15.
949 3189 1165 3270 quodquidam
1180 3197 1320 3250 auctores

232 3290 333 3371 sunt).

316 3423 430 3485 Verbis
464 3423 587 3484 notione
610 3419 756 3484 reflexivo
779 3423 827 3484 vel
849 3423 976 3504 passiva
998 3443 1061 3486 acc.
1086 3424 1212 3486 additur
1234 3423 1266 3484 M
1289 3425 1320 3494 3,

233 3524 253 3584 2
276 3523 395 3604 reliqua
416 3523 563 3586 induitur.
586 3523 655 3594 El,
670 3523 707 3583 12
721 3531 849 3596 vestem,
869 3543 961 3603 quam
975 3524 1102 3586 indutus
1116 3532 1192 3586 erat.
1216 3523 1320 3607 (Post.

233 3623 301 3684 Liv.
325 3623 431 3707 post).
464 3623 491 3685 Ε
516 3625 543 3696 1,
566 3617 585 3684 7
609 3631 643 3684 ut
666 3641 704 3686 ex
726 3622 773 3684 his
795 3623 932 3686 humana
954 3644 1040 3686 mens
1059 3625 1231 3686 erudiretur
1243 3643 1322 3685 nau-

234 3724 398 3804 fragiorum
424 3725 523 3806 adque
546 3723 732 3803 serpentium
758 3741 857 3786 casus.
881 3724 973 3807 (Arg.
996 3733 1045 3785 aet.
1068 3724 1173 3803 script.
1192 3714 1323 3786 Kiihuer

232 3843 263 3904 p.
286 3825 374 3905 221).
419 3825 473 3888 Cir
494 3825 523 3887 D
545 3825 575 3897 2,
598 3824 627 3897 3,
649 3821 669 3884 9
691 3822 816 3903 pulvere
840 3834 934 3904 caput
956 3826 1055 3905 adque
1080 3843 1134 3888 ora
1157 3823 1321 3904 conspersi.

317 3955 487 4041 Duplicem
520 3957 731 4020 accusativum
763 3957 841 4020 satis
869 3957 1036 4022 insolenter
1058 3958 1206 4020 nonnullo
1227 3958 1324 4023 verba

233 4056 388 4120 interdum
412 4058 537 4122 habent.
563 4059 590 4131 l,
613 4055 662 4130 26,
685 4055 705 4118 6
728 4055 802 4118 duos
826 4065 947 4122 tantum
968 4043 1088 4122 merrses
1101 4057 1173 4120 vitae
1185 4057 1322 4136 spatium

234 4157 326 4236 petit.
352 4159 378 4231 1,
405 4152 456 4232 27,
478 4161 497 4220 2
521 4166 555 4221 ut
577 4177 705 4239 puerum
729 4158 833 4220 ederet
855 4158 1010 4222 libertatis
1032 4158 1183 4222 vindicem
1208 4166 1240 4219 et
1266 4157 1325 4219 ho·

234 4258 326 4320 stium
352 4259 492 4320 ultorem.

1208 4369 1223 4416 s
