3248 5072
731 459 766 526 n
1201 513 1219 558 ,

211 634 276 696 tem
298 629 492 711 animorum,
515 630 573 718 qui
595 631 740 698 alienum
763 654 782 697 a
804 653 839 698 se
862 631 972 697 Deum
995 629 1116 696 delicto
1137 629 1224 717 regis
1248 654 1297 698 er·

210 729 425 797 bitrebentur.
454 731 541 812 112,
563 731 585 795 5
605 731 878 819 prodentepatre,
900 730 1147 818 quiinvidebat.
1172 729 1203 795 E
1225 731 1255 808 3,
1277 733 1298 798 3

209 835 245 897 tu
278 831 349 897 sola
371 830 557 918 culpabilis,
580 854 652 919 quae
675 831 813 898 etmihi
835 831 1005 899 insidiaris
1027 830 1157 898 etillos
1179 829 1297 898 fraude

209 930 436 998 circumvenis.
459 931 493 999 D
517 933 545 1008 1,
567 934 597 1011 2,
621 933 638 996 1
661 932 742 999 satis
764 932 920 1019 probasti,
937 937 1103 1019 quantum
1121 954 1297 1019 emorpos·

209 1031 261 1111 sit,
295 1031 352 1118 qui
458 1037 508 1098 tot
540 1031 1079 1100 maria...om0nsus,..v0nisti.
1113 1031 1145 1097 D
1175 1033 1202 1112 1,
1224 1034 1297 1112 4,6

208 1129 290 1199 facis
313 1131 504 1211 inhumane,
525 1133 584 1219 qai
679 1133 778 1220 cogis.
803 1130 862 1198 Ofr
884 1134 914 1198 Ε
937 1133 966 1212 2,
989 1135 1009 1198 6
1031 1137 1065 1198 01
1088 1134 1135 1198 14.
1159 1132 1191 1197 D
1214 1133 1243 1211 3,
1266 1134 1296 1212 3,

207 1234 228 1297 6
260 1236 294 1299 et
327 1232 456 1319 saepius.
508 1231 750 1321 conjunctivus
777 1233 813 1299 in
835 1233 997 1321 ejusmodi
1018 1233 1193 1300 sententiis
1215 1233 1297 1322 legi·

207 1338 274 1399 tur:
317 1334 345 1413 1,
378 1331 429 1412 54,
464 1335 490 1398 1.
525 1335 560 1400 Μ
582 1335 632 1413 23,
655 1333 683 1398 5.
718 1334 748 1399 Ε
776 1335 878 1414 3,14.
907 1332 966 1402 cfr
988 1333 1128 1419 denique
1151 1334 1181 1398 Ε
1206 1335 1233 1414 1,
1258 1333 1299 1399 10

207 1433 329 1521 quippe
352 1433 409 1519 qui
430 1433 521 1500 nuda
541 1434 642 1500 humo
655 1485 661 1500 .
676 1487 681 1498 .
697 1483 703 1498 .
717 1435 836 1500 cubare
859 1439 1081 1500 consueverat
1106 1431 1200 1520 Soepe
1212 1435 1295 1522 conj.

207 1539 282 1621 post
304 1533 440 1620 ”qnippe
463 1534 534 1620 qui‘
557 1533 699 1621 ponitur.
721 1575 764 1584 -
785 1535 816 1600 E
839 1536 868 1615 2,
893 1535 932 1600 16
954 1534 1158 1601 consolatum
1180 1540 1297 1602 essete

207 1634 314 1722 cupio,
337 1633 395 1721 qui
416 1657 468 1700 me
490 1635 591 1701 solari
612 1634 721 1722 ipsum
744 1659 811 1701 non
824 1657 965 1722 possum.
989 1634 1022 1699 D
1047 1635 1075 1713 1,
1096 1636 1126 1714 6,
1150 1635 1167 1698 1
1186 1633 1296 1700 decre-

207 1734 296 1801 risse
324 1733 533 1813 ridebantur,
557 1758 599 1802 ne
621 1736 695 1822 quis
719 1735 868 1824 Originis
889 1735 991 1803 libros
1012 1735 1138 1822 legeret
1160 1744 1217 1800 aut
1238 1736 1296 1800 ha·-

207 1834 313 2001 bezetss
341 1835 398 1921 qui
430 1840 587 1902 tractator
620 1836 856 1925 scripturarum
890 1857 1055 1902 sacrarum
1076 1834 1298 1923 peritissimus

206 1936 250 2001 ha
273 1959 291 2001 e
315 1941 398 2001 atur.

291 2068 370 2136 Non
383 2069 440 2144 ⁴ita
461 2067 650 2158 frequenter
672 2076 783 2138 enunt.
807 2073 862 2139 rel.
879 2072 976 2162 finali
997 2075 1120 2135 notione
1138 2069 1296 2136 adhiben-

206 2177 269 2236 tur.
295 2172 322 2250 1,
344 2171 395 2250 41,
418 2171 438 2234 6
460 2171 578 2256 quibus
601 2172 742 2259 populus
764 2171 908 2237 litarent.
934 2172 960 2250 1,
982 2171 1033 2250 45,
1059 2171 1145 2256 lqui
1160 2228 1162 2232 .
1179 2225 1184 2236 .
1200 2223 1205 2235 .
1220 2194 1296 2237 oon·

208 2272 363 2337 sulerent.
401 2269 459 2336 Ofr
485 2271 514 2348 2,
539 2272 587 2351 13,
609 2273 638 2336 4.
662 2274 691 2352 2,
714 2273 764 2350 22,
787 2273 816 2337 3.
839 2273 868 2352 2,
892 2271 942 2348 31,
964 2272 993 2335 4.
1017 2272 1046 2349 2,
1067 2271 1118 2348 42,
1141 2273 1168 2335 6.
1193 2273 1222 2351 2,
1244 2272 1296 2352 49,

206 2372 234 2436 4.
259 2372 292 2436 D
317 2371 344 2451 1,
369 2371 417 2449 15,
440 2372 469 2436 6.
494 2369 611 2460 (Apud
634 2371 709 2438 Tac.
734 2371 896 2460 ejusmodi
919 2375 1029 2436 enunt.
1054 2392 1185 2458 perraro
1203 2370 1294 2437 inve·

205 2470 271 2537 niri
293 2471 461 2555 videntur)
493 2476 514 2555 ).

289 2605 471 2673 Nonnullis
503 2607 585 2674 locis
618 2630 676 2694 per
698 2607 942 2696 conjunctivum
965 2613 1104 2675 sentent.
1127 2608 1184 2673 rel.
1210 2606 1295 2673 sotio

205 2706 347 2794 repetita
380 2707 489 2773 notari
523 2707 662 2774 videtur.
696 2708 732 2774 M
768 2708 816 2786 10,
850 2709 868 2772 7
895 2708 1009 2774 vinum
1031 2731 1126 2774 nemo
1149 2714 1295 2788 noverat,

206 2805 272 2872 nisi
296 2829 392 2892 quem
414 2807 589 2880 infirmitas
613 2808 784 2895 coegisset.
809 2807 842 2872 D
867 2809 895 2887 1,
919 2808 967 2888 15,
990 2809 1010 2873 2
1032 2831 1112 2895 ques
1135 2832 1201 2874 nox
1222 2830 1295 2874 coe-

164 2941 167 2948 ·
206 2907 305 2994 gerit,
340 2908 433 2974 sedes
461 2909 593 2975 hebent
637 2908 793 2975 Fortasse
829 2910 894 2974 huc
926 2908 1034 2995 vergit
1066 2907 1165 2974 etiem
1198 2908 1231 2972 D
1266 2909 1294 2986 1,

208 3007 256 3086 17,
279 3008 298 3072 8
321 3030 426 3094 neque
457 3008 554 3075 alitor
580 3009 759 3075 adveniens
788 3061 794 3074 .
820 3060 825 3072 .
851 3061 857 3073 .
881 3008 1073 3096 suscipitur,
1107 3030 1205 3096 quam
1238 3007 1295 3093 qui

205 3112 385 3196 temptatus
409 3108 500 3196 prins
522 3109 623 3175 fuerit
644 3115 677 3174 et
698 3110 863 3195 probatus.
887 3109 1024 3174 Perraro
1040 3108 1170 3195 optimae
1183 3107 1292 3194 script.

205 3207 252 3272 sic
275 3208 454 3294 loquuntur
469 3203 507 3292 ²).

289 3341 454 3429 Exempla
486 3342 629 3429 deniqne
662 3343 827 3409 annotavi·
850 3343 1013 3409 nonnulla
1045 3342 1174 3430 generis
1202 3341 1294 3409 illius

206 3441 427 3522 attractionis,
471 3465 543 3528 qno>
573 3443 817 3510 substantivum
855 3442 1104 3510 enuntiationis
1130 3443 1294 3530 primaria

204 3542 352 3608 relativae
386 3542 608 3609 enuntiationi
644 3543 802 3612 inseritur
834 3548 867 3611 et
898 3544 934 3609 in
967 3543 1080 3610 eodem
1113 3567 1201 3622 casu,
1229 3565 1293 3629 qno

205 3665 295 3730 pron.
333 3643 509 3712 relativum
541 3649 601 3724 est,
623 3644 765 3731 ponitur.
789 3646 825 3711 M
846 3645 876 3724 9,
898 3643 920 3708 5
940 3667 1038 3730 quem
1058 3645 1200 3730 primum
1222 3666 1293 3709 ver·

206 3765 278 3810 sum
312 3743 450 3824 invenit,
478 3743 634 3831 arripuit.¹
656 3746 686 3810 D
709 3747 740 3826 3,
764 3747 781 3808 1
805 3744 884 3831 quid
906 3745 994 3810 enim
1016 3767 1082 3810 non
1104 3765 1293 3830 conquerar,

206 3867 304 3930 quam
338 3866 357 3909 a
389 3851 422 3910 to
450 3845 559 3933 patior
579 3845 745 3934 injuriam.
769 3846 799 3910 Ε
822 3847 853 3925 2,
878 3846 895 3909 1
918 3844 1128 3930 subieratqus
1150 3867 1202 3910 me
1224 3844 1294 3922 ille,

206 3967 278 4030 qnae
312 3945 431 4032 saepius
465 3950 603 4033 occupat
630 3946 795 4032 cogitatio.
824 3947 857 4010 D
882 3946 909 4025 1,
932 3946 961 4023 2,
984 3947 1004 4011 3
1028 3969 1069 4012 an
1091 3945 1149 4011 isti
1170 3966 1293 4038 onnes,

206 4068 286 4130 quos
313 4045 368 4111 hic
389 4045 586 4133 reliqueram
609 4046 804 4127 sacerdotes,
827 4047 910 4112 tales
934 4046 1010 4112 sint.
1057 4043 1201 4111 Omnino
1224 4045 1293 4110 haec

294 4261 318 4337 ¹)
340 4267 452 4340 Draeger
474 4269 539 4326 Tae.
564 4270 579 4337 ξ
604 4272 673 4326 158.
789 4265 813 4339 ²)
837 4270 949 4340 Draeger
971 4269 995 4322 ll
1019 4287 1053 4339 p.
1079 4270 1150 4325 513.

303 4605 324 4644 Ι
