3248 5072
30 2 34 255 l

708 442 749 510 79

274 616 315 680 Ut
346 625 418 697 post
451 617 549 678 multa
577 618 672 680 verba
695 625 726 678 et
749 615 918 678 locutiones
940 615 1085 678 omissum
1109 615 1274 680 iuvenitur.-

191 719 220 790 l‚·
240 715 269 788 7,
284 718 312 800 ,4
334 735 394 778 vox
417 718 512 779 missa
534 717 572 778 de
594 717 667 778 caelo
690 725 748 778 est.
773 717 801 791 1,
824 710 853 789 7,
876 716 898 777 4
918 716 1051 794 impero;
1074 717 1119 777 cir
1141 716 1274 790 2,10,1.

186 818 220 878 M
244 819 293 890 ll,
315 818 345 880 4.
374 818 403 880 D
425 821 455 890 2,
477 815 507 890 9,
528 817 558 880 6.
596 820 622 890 1,
647 819 694 890 12,
717 815 737 878 6
759 817 906 879 obtestor.
953 817 980 889 1,
1005 816 1054 889 lo,
1078 816 1275 879 lmandatis

186 918 244 979 Dei
267 918 440 980 instruitur.
465 919 492 992 1,
515 917 566 989 26,
587 917 608 980 4
630 935 809 997 responsum
832 917 997 978 redditum.
1023 918 1050 989 1,
1065 915 1150 990 altu
1173 917 1275 981 missis

187 1017 308 1098 legatis.
335 1019 360 1092 l,
383 1012 434 1091 27,
456 1021 475 1080 2
498 1015 613 1080 dictum
638 1019 664 1080 ei
688 1025 745 1080 est.
770 1018 797 1089 1,
819 1018 871 1089 41,
892 1017 913 1079 4
935 1018 1128 1080 admonetur.
1151 1019 1180 1090 2,
1202 1018 1233 1092 4,
1243 1019 1276 1081 4.

186 1118 313 1182 hortari.
337 1120 367 1191 2,
389 1119 440 1192 21,
463 1118 482 1180 6
505 1118 697 1181 adhortatus.
726 1117 753 1178 D
779 1118 806 1190 l,
828 1118 858 1190 2,
881 1117 900 1178 3
923 1135 1041 1197 quaeso;
1075 1117 1120 1179 cfr
1142 1118 1170 1178 D
1193 1119 1224 1191 2,
1244 1117 1275 1192 8,

185 1218 215 1280 4.
238 1219 267 1280 D
289 1221 319 1291 2,
346 1219 392 1291 13,
415 1219 444 1280 5.
488 1219 645 1281 Nonnulla
667 1218 787 1280 illorum
812 1218 974 1279 verborum
998 1217 1092 1280 otiam
1116 1219 1197 1298 apud
1220 1237 1276 1280 re-

134 1388 138 1404 .
172 1327 270 1381 'teres
292 1318 399 1398 script,
421 1319 470 1381 hic
492 1319 556 1382 illic
576 1319 623 1380 ita
644 1326 807 1380 struuntur
821 1307 863 1398 ¹).

273 1419 341 1482 Vix,
367 1437 444 1498 opus
473 1427 521 1481 est
547 1427 707 1492 annotare,
741 1418 902 1480 formulam
927 1417 972 1478 ita
994 1453 1034 1463 —
1056 1427 1090 1478 ut
1113 1417 1142 1480 vi
1165 1419 1273 1482 restri-

186 1518 269 1581 ctiva
292 1519 441 1582 adhiberi.
466 1521 493 1592 1,
518 1520 546 1592 1,
567 1521 587 1579 2
609 1519 655 1580 ita
677 1519 830 1580 brevitate
853 1518 991 1591 studens,
1025 1527 1060 1580 nt
1091 1537 1177 1597 paene
1199 1520 1274 1582 nihil

187 1619 283 1700 gestis
315 1620 524 1682 subduxerim.
573 1620 606 1680 M
631 1620 720 1692 10,2
754 1620 854 1699 adque
888 1619 934 1678 ita
966 1618 1107 1698 inplebat
1139 1619 1275 1700 episcopi

185 1720 379 1800 dignitatem,
416 1729 451 1782 ut
479 1739 538 1781 nou
563 1727 666 1792 tamen
690 1719 879 1798 propositum
903 1719 1044 1780 monachi
1067 1719 1275 1802 virtutemque

90 1867 93 1873 .
186 1820 351 1882 desereret.
376 1819 454 1896 (Cic.
478 1821 565 1882 Suet.
587 1820 713 1900 Draeger
735 1821 809 1881 Tac.
833 1821 847 1901 ξ
874 1818 959 1900 184).

268 1919 512 1983 Euantictiones
534 1918 687 1982 causales.
729 1918 813 1998 Quia
836 1939 903 1982 cum
927 1921 1121 2001 conjunctivo
1139 1921 1276 1985 insolen-

184 2021 366 2102 ter-saepius
384 2021 490 2100 junxit
513 2021 656 2083 Severus.
700 2020 791 2082 Locis
814 2022 854 2082 ab
876 2021 1000 2082 Halmio
1020 2022 1157 2086 collectis
1172 2022 1276 2084 hiad·

185 2121 275 2186 dendi
294 2121 458 2184 ¹videntur:
481 2122 514 2182 M
536 2121 566 2192 3,
588 2123 618 2182 2.
652 2123 702 2192 21,
728 2121 754 2181 l.

268 2221 420 2284 Similiter
454 2221 530 2300 conj.
561 2220 730 2300 saepissime
760 2228 831 2300 post
859 2221 1013 2304 siquidem
1046 2221 1160 2302 legitur
1187 2241 1276 2286 ere-

186 2322 369 2383 centissimae
394 2320 527 2382 maxime
549 2321 653 2382 aetatis
676 2321 895 2382 consuetudine
912 2313 951 2406 ²).
1000 2321 1155 2400 Exempla
1178 2341 1193 2382 e
1216 2321 1276 2382 Se-

184 2440 255 2484 vero
290 2421 391 2501 petita
422 2422 507 2500 larga
530 2440 622 2482 mauu
645 2421 828 2499 suppeditat
850 2421 1003 2483 Halmius.
1048 2421 1102 2483 cfr
1125 2427 1277 2500 praterea

187 2523 214 2596 l,
237 2519 288 2594 39,
310 2521 339 2583 4.
365 2522 393 2594 1,
415 2520 465 2594 40,
492 2523 517 2582 l.
540 2522 568 2583 D
592 2523 621 2593 2,
644 2520 673 2594 4,
697 2521 725 2581 3.
771 2521 984 2600 Gonjunotioni
1008 2541 1100 2603 quum
1125 2521 1275 2594 additum.

184 2623 266 2684 Vide
287 2623 392 2684 Halm.
409 2669 420 2696 ,
436 2621 600 2684 Nonnullis
623 2621 697 2682 locis
720 2621 961 2701 »postpositumn
985 2653 1015 2674 .-
1039 2623 1129 2684 enim.
1158 2621 1276 2683 Exem-

185 2723 237 2802 pla
260 2742 361 2803 quaere
384 2722 467 2802 apud
489 2721 593 2782 Halm.

268 2840 428 2901 Interdum
453 2849 604 2923 quatenus
627 2841 731 2902 eodem
756 2860 847 2901 sensu
871 2858 907 2900 ao
930 2839 1078 2921 quoniam
1101 2838 1274 2900 adhibitum

185 2933 347 3018 reperitur.
390 2940 420 3002 D
445 2941 472 3012 1,
498 2941 545 3012 12,
568 2940 587 3001 5
610 2940 732 3014 faciam,
757 2941 835 3020 quod
859 2938 1010 3018 praecipis,
1034 2948 1187 3018 quatenns
1209 2947 1274 3001 tam

185 3040 342 3120 studiosos
365 3060 431 3102 esse
455 3041 599 3103 audiendi
623 3060 677 3101 vos
699 3039 798 3102 video.
832 3038 935 3121 (Poet.
959 3046 1074 3100 recent.
1096 3046 1145 3100 set.
1169 3039 1274 3118 script.

185 3135 312 3220 Drseger
334 3140 354 3202 l.
378 3141 398 3200 l.
421 3159 450 3219 p.
474 3139 561 3220 651),

272 3254 336 3320 Cor
348 3287 378 3308 =
392 3257 476 3340 quod
498 3256 623 3318 liberius
644 3235 737 3319 etiam
751 3267 845 3336 atque
863 3255 975 3335 saepius
993 3217 1083 3336 quam
1098 3256 1179 3336 apud
1192 3264 1274 3334 poet.

185 3356 254 3418 Liv.
279 3365 337 3418 cet.
360 3365 440 3436 post.
463 3364 512 3418 aet.
536 3357 641 3437 script.
658 3347 689 3438 3)
712 3357 814 3418 verbis
833 3375 1014 3440 quacunque
1026 3355 1150 3418 notione
1163 3357 1275 3436 adjun-

187 3456 279 3536 gitur.
323 3457 478 3536 Exempla
500 3450 620 3536 copiose
643 3457 767 3536 collegit
788 3457 891 3518 Halm.
927 3457 981 3519 Cfr
993 3455 1170 3529 etiamD3‚
1184 3457 1232 3530 15,
1244 3459 1273 3518 2.

264 3571 513 3636 'Enuotiotiooeo
534 3571 766 3636 conditionales.
810 3573 882 3636 Jam
906 3573 1036 3653 primum
1061 3569 1207 3635 attendas
1234 3575 1273 3635 ad

185 3659 270 3736 illam
308 3673 421 3739 condit.
456 3682 559 3735 enunt.
594 3675 734 3747 formam,
768 3693 829 3754 qua
858 3673 888 3741 in
917 3674 1034 3754 protasi
1067 3657 1207 3752 praesens.
1224 3672 1275 3736 vel

186 3776 313 3856 perfect.
339 3773 534 3851 conjunctivi,
560 3765 590 3834 in
604 3761 605 3766 ¹
619 3774 747 3854 apodosi
775 3793 863 3854 praes.
886 3773 935 3836 vel
958 3775 1052 3836 futur.
1075 3773 1165 3835 indic.
1189 3773 1286 3854 posi-⁹

186 3883 251 3936 tum
286 3882 344 3946 est,
378 3893 439 3953 qna
457 3867 622 3936 ¹structura
644 3873 828 3947 consecutio,
851 3892 918 3955 quae
941 3894 957 3935 e
980 3872 1153 3936 conditione
1176 3871 1273 3936 eflici-

91 4031 92 4034 ,
132 4007 138 4026 ι
186 3984 247 4048 tur,
271 3983 305 4038 ut
328 3980 414 4034 certa
435 3972 607 4035 indicativo.
625 3975 762 4036 effertur.
791 3974 819 4037 D
842 3977 871 4048 2,
897 3975 944 4048 11,
967 3971 1271 4054 iicontem'ptibilem

187 4102 387 4113 -----

274 4115 298 4226 ιΙ)
322 4157 367 4212 cu
389 4157 504 4212 Kiihner
527 4159 545 4213 l.
569 4158 588 4214 l.
613 4179 640 4230 p.
665 4159 725 4214 808
750 4177 806 4228 seq.
835 4159 980 4215 'Kiihnast
1003 4179 1031 4229 p.
1057 4159 1129 4214 227.

274 4238 298 4300 ²1
321 4244 502 4315 Glr-Draeger
524 4244 557 4298 ll.
582 4265 609 4315 p.
636 4246 707 4302 712.
775 4241 799 4314 ³)
822 4247 935 4316 D'raeger
957 4247 976 4300 l.
999 4247 1018 4300 l.
1043 4263 1071 4315 p.
1097 4246 1168 4299 454.
