3248 5072
833 467 874 530 58

314 635 366 717 qui
401 642 472 716 post
505 657 572 699 eum
608 637 741 709 suerunt,
764 635 908 697 rariorem
937 635 1003 698 fieri
1030 637 1155 716 Draeger
1178 633 1224 718 (p.
1248 633 1335 718 294)
1350 635 1399 696 11-’

313 737 426 798 firmat.

395 853 574 940 Perfectum
600 863 634 915 'et
657 849 824 939 plusqupf.
858 852 973 934 passiv.
1003 863 1035 914 et
1063 855 1172 933 depon.
1208 854 1398 934 frequentius

311 954 408 1016 multo
432 963 463 1016 ct
485 955 611 1017 liberius
635 974 725 1036 quam
749 955 831 1033 apud
854 961 974 1015 vetares
990 945 1021 1036 ²)
1050 973 1104 1033 per
1126 953 1246 1027 fuerim,
1270 956 1397 1027 fueram,

311 1054 437 1116 fuissem
461 1057 642 1117 formantur.
668 1056 695 1128 1,
717 1054 768 1128 50,
791 1056 809 1115 2
829 1055 908 1134 quod
917 1055 982 1133 jam
997 1054 1112 1134 pridem
1127 1053 1396 1116 fueratomissum.

309 1157 339 1229 2,
361 1154 391 1227 8,
413 1154 433 1216 8
456 1155 600 1236 apposita
628 1157 761 1218 fuerant.
796 1157 825 1228 2,
851 1155 898 1228 10,
922 1155 941 1215 3
964 1156 1066 1216 inerat
1089 1155 1216 1234 potitus.
1253 1157 1282 1229 2,
1305 1154 1354 1228 36,
1377 1157 1397 1216 2

310 1257 413 1317 fuerat
435 1257 666 1318 condemnatus.
684 1246 719 1330 ‘2,
741 1255 792 1329 37,
814 1257 833 1316 2
857 1257 959 1316 iuerat
977 1257 1161 1333 judicatum.
1184 1257 1218 1316 M
1239 1253 1269 1328 9,
1292 1256 1397 1317 3111-

310 1355 371 1418 1111
406 1357 538 1418 inerant.
573 1355 622 1430 16,
649 1356 670 1417 4
697 1357 799 1417 iuerat
830 1356 995 1435 ingressus.
1033 1354 1080 1429 19,
1112 1356 1125 1417 1
1157 1356 1263 1417 delata
1285 1358 1395 1417 fuerat.

308 1456 359 1529 20,
382 1450 402 1516 7
425 1457 591 1537 contempti
615 1458 748 1518 fuerant.
782 1457 810 1518 D
835 1457 863 1530 1,
887 1457 935 1528 10,
957 1457 977 1517 4
1002 1465 1147 1537 operatus
1171 1459 1282 1522 fuerat.
1315 1457 1344 1518 D
1367 1459 1395 1530 2,

311 1557 359 1632 ll,
383 1559 401 1617 2
425 1559 527 1619 iuerat
550 1577 701 1619 emensus.
725 1557 753 1618 D
776 1558 805 1629 3,
830 1556 878 1631 15,
895 1557 1233 1636 2objurgatnsiuerat.
1262 1553 1395 1629 D1,17,

308 1656 329 1719 8
351 1665 524 1738 temptatus
554 1658 647 1720 fuerit
676 1667 706 1720 et
735 1658 892 1737 probatus.
933 1658 959 1730 l,
984 1656 1031 1729 19,
1055 1652 1075 1718 7
1097 1657 1208 1719 fuisset
1228 1657 1395 1738 ingressus.

307 1759 337 1829 2,
364 1759 457 1831 23,3
486 1767 629 1839 negatum
660 1759 778 1820 fuisset.
813 1757 845 1818 M
868 1751 897 1829 7,
926 1758 939 1818 1
966 1757 1076 1819 fuisset
1098 1767 1270 1838 susceptus.
1304 1759 1395 1831 21,3

308 1858 449 1920 adiectus
475 1859 593 1920 i'uisset.
628 1859 678 1931 24,
702 1859 721 1919 5
744 1859 854 1920 inisset
876 1856 1052 1918 hebetatus.
1086 1858 1114 1919 D
1137 1861 1166 1931 2,
1190 1858 1219 1931 5,
1241 1857 1261 1918 8
1286 1859 1394 1920 fuisset

307 1959 470 2020 admissus.
504 1959 532 2020 D
555 1961 585 2031 2,
610 1959 658 2032 13,
680 1959 699 2019 3
723 1959 832 2019 inisset
855 1957 1021 2019 collocatus
1045 1968 1077 2019 et
1098 1959 1219 2038 saepius.

389 2075 597 2138 Adscribatur
619 2047 749 2157 denique
773 2075 944 2154 exemplum
971 2076 1194 2155 conjugationis
1217 2076 1395 2156 iiliusperi-

307 2175 472 2255 phrasticae
484 2177 562 2238 satis
573 2175 745 2248 insolentis,
757 2194 824 2256 quae
838 2175 1000 2255 participio
1014 2177 1173 2254 praesentis
1186 2165 1337 2238 formatur
1349 2167 1392 2256 .²).

306 2275 333 2337 E
356 2278 385 2351 2,
411 2277 424 2337 1
451 2297 533 2339 eram
565 2277 702 2338 residens
730 2277 813 2338 solus
841 2276 871 2337 in
901 2275 1020 2337 sellula.

389 2394 546 2475 Sequitur,
576 2404 610 2456 ut
633 2396 669 2456 de
693 2393 903 2456 consecutione
930 2403 1102 2476 temporum
1131 2396 1277 2457 nonnulla
1300 2397 1396 2458 verba

306 2494 466 2556 iaciamus.
521 2494 674 2556 Pruseoti
710 2494 805 2574 igitur
837 2491 984 2556 historico
1018 2503 1125 2555 contra
1159 2495 1390 2558 Ciceroniauum

305 2613 392 2656 usum
418 2614 552 2673 praesens
575 2595 780 2674 subjungitur,
804 2614 895 2674 quum
920 2593 1066 2672 praecedit
1089 2597 1260 2658 enuntiatio
1283 2617 1393 2660 secuu-

305 2693 401 2756 dan'a.
425 2694 527 2769 2,'24,
550 2696 569 2756 3
593 2704 627 2756 nt
648 2695 707 2756 sibi
730 2694 772 2755 sit
794 2694 909 2755 auxilio
931 2694 1086 2774 implorat.
1124 2697 1240 2762 Coutra
1258 2696 1393 2778 legitime

305 2794 418 2856 dicitnr
448 2797 475 2868 l,
498 2797 548 2868 21,
571 2791 590 2856 7
613 2804 648 2856 ut
676 2805 790 2856 terram
820 2795 939 2856 videret
966 2803 1087 2856 tantum
1119 2816 1175 2856 nec
1203 2798 1393 2876 contingeret

304 2904 431 2976 peccato
466 2896 531 2975 ejus
564 2895 737 2958 ascribitur.
786 2895 820 2956 Si
850 2896 1007 2956 antecedit
1041 2896 1211 2958 enuntiatio
1236 2898 1392 2977 primaria,

304 3003 375 3078 post
401 3015 489 3076 praes.
518 2997 590 3058 hist.
621 3017 709 3076 praes.
741 2996 818 3075 conj.
846 2989 980 3076 ponitur.
1016 2997 1043 3069 l,
1070 2997 1121 3068 20,
1144 2991 1163 3057 7
1186 2999 1392 3070 obtestantur,

305 3117 342 3157 ne
439 3099 575 3160 credant.
601 3099 628 3171 1,
651 3097 701 3171 44,
723 3097 743 3157 4
765 3097 918 3168 hortatur,
943 3104 976 3156 ut
999 3095 1028 3156 in
1042 3097 1189 3177 proelium
1204 3109 1304 3160 exeat.
1338 3101 1392 3160 11-

304 3197 423 3258 terdum
455 3199 531 3277 peri.
560 3200 637 3276 conj.
670 3199 696 3284 l,
719 3197 769 3269 34,
795 3198 806 3259 1
834 3195 1009 3258 Samuelem
1035 3196 1212 3278 alloquitur,
1236 3199 1391 3279 poenitere

303 3316 347 3369 se,
370 3299 449 3378 qnod
480 3299 554 3360 Sani
578 3318 678 3380 regem
704 3297 899 3360 constitnerit
927 3296 1077 3377 (Tempus
1101 3317 1143 3359 or.
1167 3318 1191 3361 r.
1214 3299 1391 3385 retinetur).

307 3397 333 3469 1,
356 3397 407 3470 42,
430 3398 449 3458 3
471 3398 542 3460 huic
570 3399 685 3480 triplex
711 3405 870 3478 peccatum
896 3397 1074 3459 ascribitur:
1106 3419 1198 3474 unum
1224 3402 1303 3480 quod
1328 3447 1334 3461 .
1356 3447 1389 3462 ..

304 3497 436 3559 confisus
464 3499 589 3561 sit...
613 3499 742 3560 alterum
774 3499 854 3579 quod
878 3543 885 3556 .
905 3543 937 3558 ..
962 3499 1135 3577 conjecerit,
1163 3501 1288 3563 tertium
1319 3503 1392 3582 quia

378 3585 558 3679 speraverit.
582 3599 637 3662 err
660 3599 687 3672 l,
710 3599 760 3671 21,
784 3592 812 3660 7.
835 3598 864 3658 D
887 3598 916 3670 3,
942 3597 989 3670 12,
1012 3599 1041 3659 3.
1076 3600 1280 3681 Frequentius
1295 3602 1389 3664 multo

302 3698 376 3780 imp.
401 3707 432 3761 et
453 3699 606 3762 interdum
631 3701 695 3781 ppi.
719 3707 894 3778 usurpatur.
921 3699 947 3771 1,
973 3697 1020 3771 17,
1043 3698 1062 3759 5
1085 3709 1236 3773 monetur,
1259 3702 1390 3782 populus

304 3808 339 3861 ut
361 3799 615 3864 sanctificaretur.
644 3801 698 3864 cfr
722 3801 749 3872 l,
771 3801 822 3872 22,
845 3800 874 3859 2.
907 3799 933 3872 1,
956 3799 1006 3871 23,
1029 3800 1058 3859 2.
1090 3801 1117 3872 l,
1135 3799 1186 3872 28,
1206 3801 1232 3862 l.
1259 3803 1348 3875 1,33,
1360 3804 1389 3864 4.

302 3943 500 3955 t———-.

391 4011 415 4086 ¹)
438 4017 553 4073 Kithner
583 4019 602 4074 1.
631 4019 650 4073 l.
683 4037 711 4088 p.
746 4019 802 4072 121
836 4035 912 4088 seqq.
961 4018 1071 4089 Drager
1095 4018 1113 4073 1.
1139 4019 1158 4073 1.
1187 4035 1215 4088 p.
1240 4020 1299 4074 270
1332 4037 1389 4089 aeq.
1509 4071 1518 4080 .

303 4102 472 4158 Kiihnastl.
497 4104 516 4157 1.
540 4122 568 4174 p.
593 4105 653 4160 204
677 4123 753 4175 seqq.
820 4116 827 4134 ·

303 4275 312 4328 1
345 4277 356 4330 l
391 4182 835 4331 1)(111]16Ηοί111.1.111.5.
881 4190 1033 4260 Draegerl.
1057 4190 1077 4246 1.
1100 4208 1128 4260 p.
1160 4191 1231 4247 293.
1276 4191 1391 4248 Kiihner

315 4317 322 4330 .
359 4294 417 4346 .p.
508 4317 514 4331 .
