3248 5072
841 449 881 512 28

318 621 395 682 sunt
417 617 601 702 coemptam,
628 619 855 690 documentum,
864 613 1409 700 potientioinsolentercumpraep.

318 716 476 782 adversus
499 715 754 802 conjunguntur.
778 715 810 780 D
836 719 862 794 1,
885 715 936 793 20,
961 719 974 778 l
1001 714 1169 800 egregium
1189 712 1345 778 adversus
1360 712 1410 778 in·

316 817 484 889 fictionem
507 865 514 882 .
534 865 566 881 ..
591 816 777 903 exemplum
890 814 962 880 adv.
996 812 1115 880 falsam
1144 813 1310 902 justitiam
1344 837 1411 878 non

317 916 483 983 mediocre
505 916 748 982 documentum.
772 913 831 982 Otr
853 917 888 982 M
910 916 960 988 26,
982 915 1012 980 5.
1035 915 1068 979 D
1093 919 1120 994 1,
1142 916 1194 994 21,
1216 915 1245 979 6.
1328 919 1330 926 ’

401 1003 490 1084 Ante
505 1039 578 1082 cum
603 1018 847 1103 breviloquentia
868 1014 1220 1102 quadamavetcribuc
1243 1038 1410 1102 nonpror-

316 1141 372 1184 sus
396 1117 506 1184 aliena
522 1114 551 1199 ¹)
575 1116 694 1204 sapius
717 1117 870 1184 adhibuit
893 1114 1044 1182 Severus.
1067 1116 1103 1181 M
1122 1117 1170 1195 13,
1193 1116 1213 1179 9
1235 1120 1311 1182 ante
1324 1117 1410 1182 Mar-

315 1218 424 1284 tinum
447 1217 483 1304 (i.
508 1241 535 1283 e.
559 1221 736 1303 antequam
758 1218 802 1283 M.
826 1217 998 1302 venisset).
1022 1219 1057 1284 M
1082 1222 1108 1296 1,
1123 1215 1410 1303 tanteepiccopa-

316 1323 396 1386 tum.
420 1319 453 1382 D
476 1320 505 1396 3,
532 1318 578 1397 16,
602 1319 622 1382 2
645 1323 721 1383 ante
744 1318 945 1383 clericatum.

400 1423 498 1506 Apud
524 1419 638 1485 multis
666 1419 748 1485 locis
775 1417 917 1484 occurrit
944 1441 1010 1484 non
1033 1417 1150 1497 solum,
1173 1424 1211 1484 ut
1229 1418 1299 1505 jam
1322 1419 1408 1505 apud

319 1518 482 1598 Tacitum,
510 1518 655 1597 Sueten,
679 1524 740 1586 cet.
756 1516 788 1602 ²)
811 1542 868 1605 pro
893 1518 1037 1585 ablativo
1060 1517 1125 1584 loci
1147 1519 1200 1584 vei
1211 1519 1246 1584 in
1266 1541 1332 1605 seq.
1346 1519 1408 1586 abl.

316 1619 451 1686 autad:
475 1622 504 1698 2,
531 1624 578 1697 11,
605 1625 617 1684 1
644 1620 731 1705 apud
754 1618 986 1706 Babyloniam.
1014 1621 1043 1698 2,
1066 1620 1116 1698 29,
1142 1623 1155 1684 1
1182 1641 1232 1706 ap.
1256 1619 1408 1686 Antium.

316 1722 345 1799 2,
368 1722 419 1799 31,
442 1721 461 1784 6
485 1743 535 1808 ap.
558 1719 691 1786 Hieros.
715 1721 750 1784 M
771 1722 801 1798 4,
829 1724 840 1783 l
868 1743 918 1804 ap.
942 1719 996 1784 El.
1096 1725 1123 1798 1,
1146 1721 1175 1799 8,
1198 1721 1218 1784 2
1240 1720 1328 1807 apud
1350 1744 1408 1807 pu-

315 1826 415 1887 teum.
443 1826 469 1898 l,
495 1821 542 1898 11,
573 1825 586 1883 1
613 1843 663 1906 ap.
686 1820 805 1884 locum.
828 1823 857 1898 2,
880 1821 931 1898 28,
955 1821 975 1883 3
998 1843 1048 1907 ap.
1066 1820 1195 1900 urbem;
1220 1821 1409 1909 sedaaepins

316 1921 417 1988 etiam
439 1943 496 2007 pro
521 1920 707 1986 accusativo
730 1919 795 1985 loci
817 1919 872 1984 vel
893 1919 928 1984 in
951 1934 1015 2005 seq.
1040 1943 1121 1985 acc:
1145 1922 1174 1999 2,
1197 1919 1247 2001 35,
1263 1924 1285 1987 4
1302 1944 1353 2008 ap.
1376 1922 1409 1987 N

391 2020 606 2086 contrahitur.
629 2022 658 2100 2,
681 2022 732 2099 36,
754 2019 774 2083 5
797 2017 1032 2106 ap.Sardicam
1121 2022 1322 2108 congregari.
1352 2021 1410 2087 cfr

315 2124 345 2201 2,
367 2126 419 2201 41,
445 2127 471 2185 l.
499 2122 528 2200 2,
550 2122 602 2200 42,
629 2127 654 2185 l.
677 2124 706 2200 2,
728 2123 779 2199 41,
807 2126 831 2186 l.
862 2122 969 2205 (Lact.
995 2121 1035 2186 de
1058 2123 1152 2188 Mort.
1177 2123 1267 2188 Pers.
1290 2124 1341 2188 48.
1364 2123 1408 2188 H.

169 2217 173 2222 ’
250 2297 252 2302 ,
317 2246 342 2288 s.
367 2246 396 2287 v.
418 2221 508 2295 415).
552 2223 616 2287 Pro
645 2222 756 2288 dativo
785 2245 863 2287 casu
887 2222 1011 2288 dictum
1034 2222 1175 2288 videtur.
1209 2221 1242 2288 D
1265 2225 1294 2302 3,
1321 2224 1409 2302 15‚6

317 2347 382 2388 non
410 2327 480 2388 erat
503 2323 591 2410 apud
618 2323 799 2388 Martinum
821 2324 915 2388 labor
936 2323 999 2389 iste
1023 2322 1179 2388 difficilis.
1224 2323 1335 2390 Minus
1358 2324 1407 2389 in-

317 2424 461 2490 solenter
476 2428 502 2502 1,
516 2425 567 2501 48,
579 2425 608 2486 6.
632 2423 657 2488 J
659 2446 728 2488 onae
741 2423 828 2509 apud
852 2424 960 2488 Deum
973 2424 1187 2509 conquerenti
1210 2422 1286 2503 (Ofr
1297 2424 1407 2489 Hand.

316 2547 340 2590 0.
364 2549 394 2588 v.
417 2546 449 2609 p.
471 2524 533 2587 413
539 2543 558 2601 ).

402 2625 495 2688 Circo
517 2623 557 2688 de
580 2627 726 2709 tempore
750 2629 929 2710 usurpatur
941 2623 1029 2711 apud
1041 2621 1210 2704 Severum,
1223 2626 1310 2691 sicut
1322 2625 1409 2712 apud

316 2724 391 2790 Liv.
420 2733 505 2811 poet.
532 2729 651 2809 poster.
670 2718 709 2801 1).
747 2729 773 2802 l,
800 2726 851 2803 48,
877 2730 890 2790 1
916 2725 1003 2789 circa
1024 2726 1093 2789 haec
1116 2731 1271 2812 tempora.
1317 2725 1409 2812 Saepe

317 2824 432 2891 eodem
455 2845 554 2890 sensu
578 2847 614 2889 ac
638 2823 688 2904 de,
711 2824 756 2902 in,
780 2847 866 2910 erga.
891 2827 926 2890 M
948 2828 977 2903 2,
999 2828 1021 2890 4
1044 2831 1101 2890 aut
1113 2826 1199 2892 circa
1210 2827 1410 2893 monasteria

317 2931 375 2992 aut
396 2925 483 2990 circa
506 2924 678 2991 ecclesiam
701 2947 830 3011 semper
846 2925 993 2991 intentus
1006 2924 1237 2992 meditabatur.
1261 2929 1293 2992 D
1306 2930 1334 3007 2,
1347 2929 1376 3006 6,
1392 2932 1405 2993 1

317 3027 404 3092 circa
430 3024 568 3090 Martini
596 3025 846 3091 admirationem
875 3025 994 3112 regina
1022 3027 1131 3093 fidelis
1154 3028 1350 3114 exemplum.
1382 3033 1408 3106 l,

316 3129 366 3207 34,
389 3127 409 3190 6
430 3125 556 3192 multus
578 3126 666 3192 circa
688 3125 799 3190 David
822 3125 923 3192 favor.
952 3128 987 3192 M
1009 3129 1039 3205 2,
1063 3129 1080 3190 1
1104 3127 1191 3193 circa
1213 3129 1407 3194 commilito·

316 3247 375 3294 nes
397 3226 596 3313 benignitas.
619 3227 649 3290 Ε
672 3229 701 3305 3,
715 3229 734 3291 8
747 3226 833 3292 circa
846 3251 921 3294 aves
934 3226 1082 3313 imperio.
1107 3228 1214 3300 (Poet.
1227 3233 1354 3315 poster)
1383 3235 1407 3316 ).

400 3329 505 3391 Euroo
527 3327 548 3392 i.
572 3349 596 3394 s.
620 3351 649 3411 q.
672 3341 803 3412 proter:
824 3329 853 3406 2,
879 3334 927 3407 11,
950 3329 969 3392 3
992 3350 1066 3392 cum
1089 3351 1164 3394 eum
1175 3351 1233 3394 rex
1245 3335 1407 3396 moestum

317 3433 410 3495 extra
442 3427 576 3493 solitum
611 3426 908 3495 animadvertisset.
941 3431 976 3494 M
1008 3430 1059 3508 21,
1090 3435 1103 3493 l
1129 3434 1221 3496 extra
1255 3436 1408 3508 naturam

316 3527 461 3596 hominis
485 3527 612 3602 (Hand.
637 3551 661 3594 s.
684 3553 714 3592 v.
737 3528 798 3592 611
821 3542 912 3614 000.)
1044 3601 1046 3604 ,

400 3631 489 3692 Inter
516 3626 556 3692 de
579 3633 723 3715 tempore
750 3629 894 3715 positum
917 3627 1079 3716 reperitur
1094 3627 1126 3715 1)
1152 3634 1182 3710 2,
1209 3636 1255 3712 11,
1278 3634 1299 3696 3
1321 3632 1407 3698 inter

337 3841 339 3850 ·
406 3811 430 3884 1)
453 3817 498 3872 Cir
522 3819 613 3872 Hand.
636 3837 657 3872 0.
683 3839 708 3872 v.
734 3821 806 3874 361.
835 3855 836 3858 =
1349 3871 1352 3876 .

406 3897 431 3971 ’1)
454 3901 500 3958 Cfr
524 3904 637 3962 Kithner
660 3906 679 3960 1.
704 3905 723 3958 1.
748 3923 775 3974 p.
802 3905 873 3960 382.
919 3895 1031 3976 Draeger
1054 3906 1073 3960 1.
1099 3906 1117 3962 l.
1141 3925 1169 3976 p.
1196 3909 1267 3962 582.

405 3983 430 4058 1)
454 3987 545 4045 Hand.
570 4011 590 4047 s.
615 4012 640 4046 v.
665 4011 692 4062 p.
718 3993 768 4047 64.

406 4071 431 4146 1)
453 4076 569 4133 Ksrhner
591 4079 610 4132 1.
634 4078 653 4132 l.
677 4097 705 4147 p.
731 4080 803 4133 395.
838 4079 950 4148 Draeger
965 4078 984 4131 1.
1000 4077 1020 4132 l.
1037 4097 1064 4148 p.
1080 4075 1151 4134 618.
1177 4081 1210 4136 H.
1227 4099 1247 4134 s.
1267 4101 1292 4136 v.
1310 4100 1338 4151 p.
1357 4085 1406 4136 66.
1446 4077 1449 4083 ’

406 4159 431 4232 1)
456 4163 546 4219 Hand.
571 4183 591 4219 0.
617 4183 642 4219 v.
666 4183 694 4234 p.
721 4167 780 4220 402
806 4169 835 4218 01
859 4167 886 4218 6.
923 4164 1035 4233 Draeger
1056 4166 1075 4219 l.
1101 4166 1119 4220 l.
1144 4186 1170 4236 p.
1190 4170 1261 4223 610.
1294 4168 1408 4223 Ksrhner

319 4250 337 4304 l.
362 4250 381 4304 l.
405 4268 433 4320 p.
458 4253 530 4306 402.
