3248 5072
871 432 914 498 80

348 606 428 668 enim
452 605 554 666 reddit
576 602 755 677 exereitum,
777 603 803 664 si
825 603 957 666 virorum
982 602 1158 666 cohortibus
1180 604 1273 668 turba
1300 604 1435 668 leiuinea

348 705 525 768 miscemur.
567 705 684 784 (Hujus
706 703 825 784 generis
848 703 1092 783 exempla‘lioet
1119 703 1168 768 bie
1194 704 1257 768 illic
1287 714 1436 768 occurent

348 805 430 885 apud
465 804 545 878 Cic,
576 803 735 867 radssima
766 813 840 866 sunt
872 804 954 883 apud
977 803 1056 866 Oaes.
1080 813 1111 866 et
1132 804 1201 866 Liv.
1224 813 1317 886 atque
1340 805 1438 870 actam

347 905 429 986 apud
452 913 577 986 poster„
599 904 627 966 si
648 905 723 967 Tac.
746 903 903 985 exceperis
919 896 960 986 ¹).
982 939 1023 950 ·-
1045 905 1079 968 M
1100 905 1151 978 21,
1173 906 1193 966 2
1215 905 1240 970 si
1264 905 1292 968 ei
1307 923 1437 970 munera

347 1006 456 1068 crebre
475 1004 652 1078 mittantur,
682 1004 741 1067 Dei
763 1024 797 1076 se
820 1004 1048 1084 magnificentia
1071 1005 1194 1068 adseret
1216 1003 1368 1071 honorari.
1404 1006 1434 1070 D

346 1107 376 1180 2,
395 1099 425 1180 7,
446 1105 533 1167 4'illi
561 1124 633 1168 vero
662 1104 767 1166 lelices
796 1105 944 1178 orantei
967 1125 1026 1168 nou
1121 1106 1278 1169 recedant.
1321 1104 1433 1190 (Apud

346 1205 452 1268 Plaut.
465 1206 535 1268 Ter.
547 1204 638 1268 Lucr.
652 1203 770 1286 aliquot
793 1205 882 1279 loeis3
906 1206 987 1284 apud
1012 1213 1130 1268 ceteros
1146 1205 1313 1270 latinitatis
1325 1207 1433 1287 script.

345 1306 505 1369 rarissima
537 1313 585 1368 est
612 1305 677 1367 hmo
705 1313 863 1368 structura
877 1296 917 1386 1).
955 1341 975 1350 -
1002 1306 1207 1386 Frequentius
1230 1308 1312 1386 apud
1335 1307 1434 1370 Sere·

346 1426 412 1468 rom
429 1404 517 1492 pers.
540 1405 620 1490 conj.
649 1406 679 1468 iu
714 1405 832 1484 protasi
860 1405 973 1468 dicitnr
1000 1414 1031 1468 et
1060 1406 1182 1488 quidem
1206 1407 1244 1470 de
1267 1427 1299 1469 re
1320 1408 1434 1487 sapius

348 1507 497 1588 repetita:
534 1507 561 1578 1,
583 1506 613 1579 4,
636 1504 656 1568 6
679 1506 794 1568 unllam
823 1506 1023 1579 occasionem,
1055 1507 1082 1567 si
1110 1523 1177 1588 quae
1203 1507 1264 1568 'tibi
1289 1516 1434 1588 porrecta

345 1607 449 1680 inerit,
471 1606 599 1669 omittis.
643 1607 672 1669 D
700 1609 724 1679 l,
749 1606 797 1677 10,
822 1607 836 1668 1
861 1607 887 1668 si
911 1606 962 1686 qui
985 1607 1132 1685 majorem
1155 1607 1302 1670 virtutem
1330 1617 1433 1672 moute

346 1707 785 1787 conceperint...disoedunt.
819 1707 848 1768 D
874 1707 904 1780 3,
930 1705 977 1779 16,
1003 1708 1017 1768 l
1042 1707 1069 1770 si
1092 1707 1185 1770 fuerit
1206 1709 1355 1781 offensus,
1383 1709 1433 1770 in-

344 1807 436 1870 sanit.
461 1805 541 1890 (Cic.
565 1807 635 1870 Cat.
663 1809 672 1868 l
699 1806 714 1888 ξ
736 1807 786 1868 31.
809 1807 884 1869 Tae.
907 1806 1032 1870 duobus·
1049 1807 1188 1872 tribusve
1211 1807 1300 1890 locis)
1316 1798 1358 1889 1).

426 1938 683 2024 Pluaqaamperfi
706 1939 785 2024 conj.
809 1939 847 2002 de
870 1959 902 2002 re
925 1939 1036 2019 sepius
1059 1940 1194 2026 repetita
1217 1941 1432 2021 1011111111)-

340 2040 489 2122 jungitur.
512 2039 547 2103 M
567 2039 619 2113 21,
641 2040 660 2103 6
683 2041 708 2102 si
732 2040 873 2121 quotiens
885 2040 1059 2113 cecidisset,
1082 2040 1274 2119 providebat.
1292 2043 1432 2124 (Exem-

344 2142 398 2223 pla
431 2141 581 2219 ejusmodi
615 2140 800 2221 conjunctivi
833 2149 928 2221 temp.
951 2141 1024 2220 imp.
1048 2141 1096 2203 vel
1119 2141 1184 2221 ppi.
1207 2141 1336 2222 singulis
1357 2151 1431 2205 tan-

342 2250 409 2304 tum
433 2240 507 2303 locis
536 2250 662 2304 exstant
690 2243 772 2321 apud
801 2241 865 2329 Cic.
888 2240 966 2303 Oaes.
990 2239 1067 2302 Sall.
1090 2241 1145 2306 Dr.
1169 2260 1198 2321 p.
1222 2238 1309 2325 703).
1352 2241 1431 2305 Vul-

343 2341 408 2424 ga'ti
431 2359 504 2404 usus
527 2342 701 2422 exemplum
725 2349 788 2406 est:
810 2341 891 2414 D'3‚
909 2339 938 2413 6,
961 2343 980 2402 2
1003 2341 1029 2402 si
1053 2341 1194 2422 quotiens
1212 2343 1430 2404 extulerat...

426 2477 583 2540 Nonnulla
605 2475 715 2538 deinde
738 2475 803 2555 ejus
826 2475 944 2556 generis
972 2463 1162 2540 annotemus¹
1186 2478 1337 2556 exempla,
1370 2497 1430 2558 quo

342 2578 373 2640 in
396 2577 523 2657 epodosi
546 2576 675 2638 dedicat.
693 2573 780 2660 perf.
803 2577 833 2638 in
857 2577 973 2656 protasi
992 2573 1246 2664 plusquamperf.
1272 2575 1428 2662 conjunct.

343 2676 515 2739 adhibitum
549 2676 709 2756 reperitur,
743 2675 794 2736 ubi
828 2677 1049 2739 sententiarum
1078 2696 1175 2738 nexus
1206 2669 1430 2758 ipuodammodo

343 2777 512 2840 dissolutus
534 2776 666 2838 videtur.
689 2776 723 2838 M
747 2775 774 2849 l,
800 2776 813 2836 l
839 2776 976 2857 plerique
999 2779 1145 2838 mortales
1161 2823 1168 2840 .
1183 2823 1190 2838 .
1204 2823 1211 2838 .
1224 2778 1334 2840 exinde
1352 2790 1429 2858 'per-

343 2897 451 2941 ennem
475 2923 503 2938 ..
528 2876 703 2941 memoriam
721 2922 754 2938 ..
778 2875 975 2958 quesierunt,
1008 2877 1033 2938 si
1068 2877 1149 2939 vitas
1172 2878 1321 2942 clarorum
1345 2878 1429 2939 viro·

342 2999 409 3041 rum
437 2977 655 3040 illustrassent.
678 2975 712 3039 M
738 2975 784 3049 13,
806 2975 825 3036 4
855 2976 1036 3056 facilemque
1065 2977 1183 3039 arboris
1208 2997 1270 3040 suae
1292 2977 1427 3041 habuere

337 3080 504 3158 jacturam,
537 3077 563 3140 si
591 3077 745 3140 inimicum
842 3075 1024 3139 obruissent.
1056 3077 1083 3150 1,
1106 3075 1156 3150 35,
1186 3078 1204 3139 3
1228 3077 1336 3140 lancea
1358 3094 1427 3140 eum

342 3178 433 3242 ferire
455 3186 584 3241 conatus
607 3186 664 3250 est,
698 3175 756 3238 nisi
783 3176 835 3237 ille
859 3177 982 3240 letalem
1005 3177 1100 3240 ictum
1123 3197 1252 3258 propere
1274 3173 1428 3240 declinas-

341 3287 399 3342 set.
417 3279 500 3362 ⁸(Per
516 3276 643 3359 'ellipsin
665 3275 750 3340 illam
773 3276 916 3360 dictum).
960 3277 1090 3338 Petraro
1110 3278 1195 3357 'apud
1219 3277 1348 3340 Latinos
1362 3278 1428 3341 haec

342 3387 499 3442 eductura
522 3377 668 3462 occurrit)
683 3369 723 3454 1).
831 3459 833 3464 ι
1375 3405 1377 3412 >

426 3509 649 3597 Imperfectum
672 3510 752 3596 conj.
782 3529 836 3592 pro
865 3507 1085 3596 plusquamps.
1113 3511 1144 3574 in
1173 3510 1290 3592 protasi
1312 3510 1425 3592 sapias

341 3611 448 3695 posuit
469 3611 612 3674 Severus.
637 3612 665 3684 1,
686 3607 737 3683 30,
759 3609 778 3672 2
801 3610 827 3672 si
850 3629 926 3692 puer
947 3620 1135 3685 nasceretur,
1152 3611 1336 3676 sacrandum
1348 3611 1424 3675 Deo.

344 3714 372 3786 Ι,
394 3713 445 3786 ta,
468 3706 487 3774 7
516 3718 560 3784 ut,
592 3705 618 3773 si
647 3709 733 3791 nujus
761 3729 872 3773 oasam
901 3709 1032 3773 hostiam
1124 3707 1205 3792 ignis
1232 3709 1424 3785 absumeret,

342 3821 413 3875 rata
435 3820 578 3874 esset...
600 3811 630 3886 2,
652 3811 682 3884 t,
704 3809 724 3874 6
746 3810 793 3872 sin
817 3810 994 3893 Aegyptum
1018 3819 1170 3891 peterent,
1193 3829 1298 3874 omnes
1313 3806 1361 3876 'ibi
1376 3861 1382 3874 .
1396 3858 1424 3874 ..

342 3909 504 3994 perituros.
526 3911 553 3972 Ε
576 3911 606 3984 2,
631 3912 669 3974 10
691 3910 716 3976 si
740 3955 768 3974 ..
785 3911 872 3973 inter
894 3909 1011 3973 alies..
1034 3911 1178 3973 victimas
1200 3910 1372 3986 duceretur,
1385 3948 1425 3958 -

343 4055 538 4068 —1-——...-.-

428 4124 452 4198 ¹)
474 4127 521 4183 ce
542 4128 653 4198 Drmger
676 4130 695 4184 l.
720 4128 738 4184 1.
759 4145 792 4199 p.
816 4128 876 4184 688
900 4145 957 4198 seq.
1002 4123 1158 4199 1)1)1111ςε1
1182 4129 1201 4184 l.
1214 4130 1234 4186 l.
1250 4148 1277 4200 p.
1291 4131 1351 4185 690
1367 4147 1423 4199 seq.

428 4227 453 4300 1)
476 4231 522 4287 cfr
544 4231 655 4302 Draeger
677 4249 705 4302 p.
722 4232 790 4292 ,689
815 4249 872 4299 seq.
1002 4225 1026 4298 1)
1050 4232 1160 4304 Draeger
1183 4233 1248 4288 Tae.
1272 4233 1288 4300 fl
1314 4233 1381 4288 194.

975 4501 984 4534 1
