3248 5072
182 2089 306 2213 Quod
334 2136 369 2203 in
397 2139 543 2206 omnium
565 2137 633 2205 iere
655 2140 851 2240 populorum
879 2138 999 2206 artium
1020 2140 1273 2229 litterarumque

183 2236 303 2304 studiis
325 2237 398 2304 fieri
419 2239 513 2319 solet,
535 2244 573 2306 ut
594 2262 668 2305 cum
690 2240 743 2320 iis,
766 2263 839 2326 quae
862 2245 959 2306 entes
981 2240 1157 2327 viguerint,
1175 2243 1271 2309 entis·

182 2337 265 2404 simo
292 2338 548 2406 necessitudinis
575 2339 708 2407 vinculo
736 2341 922 2407 cohaereent
947 2339 1159 2427 originisque,
1181 2342 1273 2408 unde

46 2447 49 2454 '
182 2443 254 2503 orte
281 2437 357 2518 sint,
380 2440 485 2506 multe
511 2441 679 2527 prebeant
705 2439 856 2527 vestigia,
888 2440 924 2506 id
957 2441 1178 2528 compluribus
1201 2442 1269 2509 Ro·

180 2560 352 2606 manorum
391 2563 519 2627 quoque
557 2540 743 2608 litterarum
775 2541 997 2608 monumentis
1033 2543 1273 2629 comprobetur.

180 2637 298 2725 Neque
332 2639 418 2706 illud
451 2641 579 2707 mirum.
624 2641 677 2708 Ee
707 2647 758 2708 est
789 2641 877 2707 enim
912 2642 1020 2708 cultus
1054 2647 1087 2708 61
1119 2644 1272 2710 humeni-

180 2740 259 2806 tetis
296 2740 455 2821 condicio,
490 2747 528 2808 ut
559 2746 718 2829 perpetue
751 2742 893 2829 quedam
927 2741 1010 2808 serie
1044 2743 1275 2830 progredietur

179 2838 237 2919 ite,
265 2845 315 2907 ut·
329 2845 408 2907 estes
443 2843 546 2909 alters
579 2842 714 2909 alterius
743 2843 787 2909 sit
813 2842 979 2929 magistra.
1024 2843 1143 2930 Itaque
1170 2867 1271 2930 quum

179 2938 324 3006 Romani
346 2963 420 3008 cum
443 2940 570 3010 Graecis
592 2942 821 3010 commercium
843 2941 964 3010 hebere
987 2942 1164 3031 coepissent
1184 2945 1272 3011 eteb

178 3039 221 3107 iis
244 3040 365 3107 artium
387 3047 421 3108 et
442 3043 627 3110 litterarum
655 3043 892 3131 amplissimum
915 3043 1119 3130 accepissent
1140 3044 1270 3111 heredi·

178 3146 291 3221 tatem,
313 3142 467 3231 flagranti
489 3144 631 3231 quodem
654 3167 763 3211 amors
787 3144 829 3210 ed
851 3143 912 3210 ille
933 3166 968 3210 se
991 3144 1103 3211 studio
1125 3145 1272 3233 applice-

177 3248 264 3322 runt,
299 3247 397 3329 etque
425 3241 568 3312 effloruit
596 3244 656 3310 1116
678 3250 768 3324 estes,
791 3267 862 3331 quae
885 3238 1017 3331 propter
1039 3245 1270 3312 excellentiam

177 3365 272 3409 suem
295 3365 395 3410 eures
416 3349 468 3412 est
489 3344 663 3433 appellate.
708 3344 810 3412 Brevi
833 3349 942 3412 eutem
964 3345 1035 3411 heco
1052 3345 1125 3412 leus
1139 3369 1268 3434 ecprae·

177 3442 302 3509 stantia
322 3443 479 3511 inclinari
500 3449 607 3533 coepta
628 3450 679 3513 est
701 3451 734 3512 et
755 3450 888 3552 propter
905 3445 1073 3512 diritatem
1084 3451 1271 3535 temporum

178 3547 276 3629 etque
302 3543 483 3625 tristitiam,
506 3547 638 3632 etquis
660 3546 797 3612 deerant
823 3544 956 3612 omnino
979 3545 1140 3614 Romanis
1163 3547 1269 3614 teneri

176 3642 229 3708 illi
257 3644 438 3731 mollesque
465 3669 592 3725 sensus,
616 3645 828 3733 quiquidem
851 3645 977 3713 animos
1001 3646 1042 3712 ed
1065 3646 1268 3735 elegantiore

177 3743 317 3810 artificia
338 3745 475 3813 mirifice
488 3746 648 3814 alliciunt.
683 3747 708 3813 J
711 3770 763 3814 em
775 3746 885 3814 seculo
898 3745 1000 3833 igitur
1010 3752 1085 3833 post
1097 3745 1267 3814 Christum

176 3845 321 3912 secundo
342 3844 527 3914 litterarum
550 3853 621 3914 orte
643 3852 693 3914 681
709 3847 823 3915 senilis
841 3846 988 3933 quedem
999 3851 1085 3928 aetes,
1098 3870 1167 3933 quae
1180 3847 1267 3914 nihil

175 3943 244 4010 fere
267 3968 307 4012 ex
329 3969 364 4013 86
386 3946 459 4034 ipse
480 3947 611 4035 periens
636 3947 834 4027 antemnis,
857 3971 927 4034 quse
951 3947 992 4013 ad
1005 3946 1176 4015 sciendum
1193 3971 1267 4036 per·

175 4044 329 4126 tinemut,
357 4051 524 4134 tamquam
546 4047 661 4115 inanis
683 4049 867 4137 despiceret
889 4070 925 4115 66
947 4046 1131 4115 remitteret
1152 4053 1209 4116 eut
1230 4049 1266 4115 in

173 4145 366 4234 prestantis
392 4147 497 4215 aetstis
520 4149 758 4236 precendsntis
781 4148 992 4235 acquiescens
1015 4148 1176 4235 quidquid
1197 4173 1266 4216 om·

174 4245 254 4314 nino
276 4247 462 4316 litterarum
484 4248 604 4317 studiis
628 4253 891 4336 consequeretur,
905 4247 940 4314 id
953 4248 1073 4314 abillis
1088 4249 1141 4315 vel
1154 4255 1265 4337 aperte

174 4353 319 4414 sumeret
344 4348 398 4414 vel
425 4348 603 4436 surriperet
628 4349 799 4417 imitando.
843 4348 954 4438 Hujus
982 4348 1087 4415 aetetis
1115 4355 1166 4418 est
1188 4347 1263 4417 Sul-

614 4529 884 4699 158688
