3248 5072
435 655 520 718 Oum
541 650 694 738 prasenti
715 649 826 731 indic,
847 651 905 717 ubi
927 655 1002 717 dam
1024 656 1203 740 exspectes,
1226 653 1437 741 conjunctum

350 753 537 841 reperitur..
555 753 583 831 1,
611 752 661 830 33,
687 754 709 817 4
735 755 869 818 etcum
901 774 959 838 per
991 759 1117 840 septem
1140 743 1220 821 'dies
1248 751 1437 820 Samuelem

350 853 519 942 opperitur
536 904 542 917 .
557 903 584 917 ..
608 874 666 918 rex
688 903 739 919 ...
762 851 991 920 holocaustum
1002 854 1133 921 obtulit.
1155 853 1295 920 Perrarc
1306 857 1438 920 exstant

351 954 439 1042 opud
462 951 663 1038 antiquiores
686 953 797 1039 script,
820 947 1154 1042 ejusmodi'exemple
1169 951 1207 1038 ¹).

434 1055 692 1140 Nonnumquam
725 1053 789 1118 duo
817 1054 918 1119 verba
944 1054 1131 1122 consociato
1153 1054 1260 1121 eidem
1283 1055 1437 1143 conjunc·

349 1155 434 1223 tioni
460 1178 535 1221 cum
558 1153 687 1220 diverso
708 1153 805 1219 modo
827 1153 1058 1242 snbjiciuntur,
1081 1155 1117 1221 id
1138 1155 1225 1241 quod
1247 1178 1352 1242 prosae
1366 1177 1437 1222 ora·

349 1255 450 1322 tionis
473 1253 583 1340 script.
606 1277 785 1340 numquam
806 1253 924 1321 fecisse
951 1255 1087 1342 Madvig
1109 1255 1151 1322 ad
1173 1255 1248 1321 Fin.
1272 1256 1301 1334 2,
1326 1256 1374 1335 17,
1396 1257 1436 1322 61

350 1355 491 1422 affirmat
513 1351 586 1438 (Ofr
607 1354 745 1442 Draeger
765 1378 796 1442 p.
819 1353 903 1439 551).
927 1357 956 1436 2,
978 1355 1029 1435 51,
1051 1357 1156 1420 9-10
1182 1359 1215 1422 et
1236 1379 1339 1436 nunc,
1364 1378 1438 1422 cum

348 1456 490 1522 maxime
519 1454 692 1521 discordiis
720 1456 947 1544 episcoporum
969 1455 1080 1522 omnia
1104 1456 1231 1523 turbari
1253 1455 1439 1523 eomisceri

349 1560 561 1623 cernerentur
594 1559 775 1643 cunctaque
811 1609 847 1622 ..
874 1608 880 1620 .
915 1555 1103 1644 depravata,
1136 1560 1299 1646 postremo
1327 1557 1439 1644 plures

349 1657 506 1723 adversus
528 1677 649 1741 paucos
673 1708 679 1722 .
699 1709 705 1721 .
725 1709 731 1721 .
755 1657 986 1724 certabant...

432 1757 474 1823 In
497 1755 662 1823 sententia
683 1778 742 1843 per
762 1762 844 1844 part.
869 1779 943 1823 cum
964 1757 1110 1838 inducta,
1134 1757 1187 1824 cui
1210 1755 1365 1845 deinceps
1387 1781 1438 1823 re·

348 1857 489 1945 spondet
520 1870 597 1940 tom,
631 1855 859 1944 conjunctivus
888 1857 1003 1923 eadem
1030 1857 1157 1924 ratione
1184 1857 1318 1946 ponitur
1340 1863 1439 1946 atque

348 1958 436 2046 apud
464 1956 532 2023 Oic.
550 1951 587 2040 ²).
622 1955 654 2020 D
682 1957 711 2035 3,
733 1955 763 2036 5,
788 1958 805 2021 1
827 1957 910 2023 Haeo
938 1979 1012 2023 cum
1033 1959 1148 2025 multis
1171 1957 1331 2025 Avitiano
1354 1957 1437 2024 refe-

347 2065 440 2125 rente
463 2060 619 2144 conperta
640 2057 717 2137 sint,
740 2063 810 2123 turn
832 2081 937 2146 nuper
958 2056 1033 2124 Ref.
1055 2058 1226 2146 presbyter
1250 2111 1255 2124 .
1276 2112 1303 2125 ..
1327 2083 1347 2124 a
1368 2058 1439 2125 Da-

348 2159 442 2246 grido
466 2210 471 2223 .
494 2208 526 2223 ..
551 2155 686 2224 audivit.

430 2260 617 2346 Praegressa
639 2263 692 2322 via
714 2263 795 2345 part.
819 2282 908 2324 »cum
929 2258 1112 2326 inversum»
1135 2259 1255 2347 saepius
1279 2259 1438 2348 apudSe·

347 2383 470 2438 verum,
483 2359 570 2426 siout
577 2359 646 2447 jam
659 2358 746 2446 apud
758 2353 906 2447 Vergf‘),
919 2361 1077 2427 omissum
1088 2361 1258 2449 reperitur.
1274 2359 1441 2449 Exempla

346 2483 457 2548 quaere
481 2459 568 2547 apud
590 2459 702 2524 Halm.

429 2563 519 2626 Dum
546 2560 716 2646 particulae
731 2591 758 2612 -ε
772 2559 892 2625 »under
918 2561 974 2626 det
1002 2565 1065 2626 att»
1087 2563 1214 2650 imperf.
1237 2561 1337 2627 indic.
1360 2563 1436 2629 sub-

342 2661 468 2750 jectum
491 2665 541 2725 est
563 2659 599 2725 M
620 2660 670 2738 23,
695 2656 923 2744 l'frequenter
946 2666 1055 2727 autem
1079 2661 1240 2742 diabolus,
1254 2662 1333 2728 dum
1344 2661 1439 2729 mille

346 2759 488 2827 nocendi
516 2759 641 2828 artibus
669 2763 820 2825 sanctum
847 2760 953 2826 virum
982 2762 1162 2830 conabatur
1183 2762 1335 2842 illudere,
1357 2763 1436 2830 risi·

346 2861 447 2928 bilem
459 2885 494 2928 se
518 2859 549 2926 ei
573 2912 579 2925 .
599 2913 605 2926 .
626 2912 632 2924 .
655 2859 834 2948 ingerebat.
873 2860 940 2926 Hic
962 2861 1032 2927 illic
1056 2862 1143 2949 apud
1166 2862 1296 2949 optimae
1320 2862 1438 2930 dictio-

346 2962 398 3028 nis
433 2962 617 3048 scriptores,
650 2961 770 3048 saepius
806 2961 893 3048 apud
926 2961 999 3027 Liv.
1017 2957 1055 3046 ⁴).
1100 2961 1321 3049 Frequentius
1355 2969 1433 3053 conj.

347 3065 477 3152 imperf.
505 3061 653 3128 occurrit.
699 3057 875 3152 Exemplis
895 3062 935 3127 ab
957 3062 1093 3128 Halmio
1117 3063 1264 3129 collectis
1286 3065 1357 3130 haec
1379 3064 1436 3131 ad·

348 3162 457 3229 denda
488 3162 650 3228 ridentur.
687 3162 722 3226 M
751 3163 799 3241 14,
822 3163 841 3227 6
864 3162 942 3229 dum
1048 3162 1202 3229 dirueret.
1235 3164 1269 3228 D
1294 3166 1440 3246 1,’13,8

348 3263 426 3329 dum
450 3317 456 3329 .
471 3317 477 3328 .
492 3315 498 3328 .
517 3263 714 3350 decerperet.
738 3262 821 3328 Haec
833 3268 998 3330 structura
1010 3263 1097 3350 apud
1110 3263 1312 3350 antiquiores
1325 3265 1434 3352 script.

347 3363 515 3430 rarissima
537 3367 588 3430 est
619 3369 640 3446 ).
1353 3439 1356 3446 y

431 3462 619 3529 Insolenter
640 3462 816 3528 admodum
838 3468 920 3550 part.
944 3466 1019 3528 dum
1041 3464 1157 3531 eodem
1179 3487 1278 3530 seusu
1301 3487 1337 3530 ac
1361 3488 1435 3532 oum

348 3562 859 3652 conjunctivusplusquamperf.
887 3563 1017 3650 legitur.
1051 3565 1084 3630 D
1107 3567 1136 3646 3,
1161 3564 1210 3644 15,
1234 3568 1250 3630 1
1274 3566 1353 3632 dum
1376 3619 1381 3633 .
1402 3620 1434 3633 ..

347 3663 402 3730 in.
423 3715 428 3730 .
449 3662 566 3730 .sedili
581 3651 692 3749 ligned
713 3663 900 3743 resedisset,
923 3664 1008 3732 vidit
1029 3666 1155 3750 (Halm.
1179 3673 1253 3732 cum
1276 3667 1434 3756 conjicit).

431 3865 460 3951 11)
483 3869 528 3924 cfr
550 3869 701 3924 Hoffmann
724 3888 752 3939 p.
778 3871 826 3925 70.
872 3871 985 3942 Draegor
1007 3873 1026 3927 l.
1049 3873 1068 3926 1.
1092 3889 1120 3940 p.
1145 3871 1204 3926 526
1228 3887 1285 3941 seq.
1423 3833 1425 3838 ι

437 3949 461 4022 ²)
485 3955 596 4026 Draeger
618 3955 637 4010 l.
662 3955 681 4009 l.
705 3973 733 4024 p.
759 3957 830 4012 553.
877 3956 1027 4014 Hoffmann
1050 3958 1163 4027 pros
1186 3975 1244 4027 seq.

436 4035 461 4110 ³)
484 4041 633 4098 Hoffmann
656 4059 684 4112 p.
711 4043 780 4096 164.
827 4044 939 4112 Draeger
963 4043 981 4096 l.
1006 4043 1025 4098 1.
1050 4062 1077 4114 p.
1104 4046 1175 4098 544.

435 4119 458 4190 ⁴)
482 4128 596 4183 Kilhner
628 4128 646 4183 l.
675 4129 695 4182 l.
723 4147 751 4198 p.
777 4129 847 4183 909.
893 4128 1004 4199 Droeger
1026 4129 1045 4184 l.
1069 4131 1088 4184 l.
1112 4148 1140 4199 p.
1166 4131 1237 4185 575.
1284 4129 1434 4187 Hoffmann

350 4231 377 4282 p·
405 4215 634 4363 17‘iiiiiiifmcnn
657 4319 684 4370 p.
712 4301 767 4355 171
793 4317 869 4370 seqq.
915 4301 1026 4373 Draeger
1049 4302 1068 4356 l.
1092 4303 1111 4356 l.
1134 4319 1163 4370 p.
1188 4303 1258 4357 579.
