3248 5072
815 455 856 518 60

293 622 380 711 apud
407 623 546 690 Latinos
574 622 777 689 rarissimum
800 645 871 688 esse
894 623 1033 710 Draeger
1054 629 1098 710 (p.
1121 623 1196 707 272)
1220 621 1324 689 docet·
1351 624 1382 704 2,

290 725 342 804 46,
364 725 384 788 9
407 723 512 790 facem
534 723 699 810 quandam
721 723 872 789 nascenti
894 722 1048 789 incendio
1071 722 1229 803 subbidit,
1251 729 1290 790 ut
1307 745 1381 790 exa·

292 824 473 912 speraverit
494 824 597 892 malos
620 823 730 910 potius
753 845 852 910 quam
874 823 1111 910 compresserit.
1140 825 1176 890 M
1200 825 1248 904 16,
1273 825 1290 887 1
1312 828 1381 890 tam
1416 853 1417 856 ¹

291 930 408 1014 potens
505 930 585 1005 erat,
607 929 645 992 ut
666 924 779 990 nullus
801 923 870 989 iere
893 923 935 989 ad
956 947 1032 990 eum
1045 928 1185 1010 aegrotus
1199 923 1382 1003 accesserit,

292 1025 349 1113 qui
370 1049 438 1092 non
459 1025 615 1092 continuo
637 1025 798 1110 receperit
819 1025 1004 1090 sanitatem.
1039 1025 1071 1090 D
1097 1025 1124 1104 1,
1147 1023 1198 1104 26,
1219 1027 1241 1090 4
1262 1025 1311 1090 116
1332 1025 1382 1090 in·

291 1126 415 1192 victum
448 1125 601 1212 spiritum
634 1125 746 1212 gessit,
774 1129 812 1191 nt
840 1124 900 1190 illa
932 1125 1015 1190 vitia
1048 1124 1243 1208 (vanitatem
1277 1125 1382 1212 adque

289 1226 497 1315 jactantiam)
530 1225 648 1292 fortius
674 1248 770 1290 nemo
799 1225 1042 1313 contempserit,
1071 1247 1145 1290 cum
1172 1225 1306 1312 quidem
1332 1224 1381 1290 in·

292 1326 424 1393 mundis
448 1326 619 1412 spiritibus
643 1325 781 1392 adflatos
805 1326 922 1392 absens
945 1325 1137 1412 plerumque
1164 1325 1338 1392 curaverit.

375 1460 440 1526 His
465 1460 534 1548 jam
562 1483 660 1548 supra
688 1460 835 1526 collectis
862 1460 943 1526 locis
968 1459 1196 1526 adscribantur
1218 1459 1381 1541 nonnulli,

291 1560 350 1627 ubi
377 1561 477 1626 etiam
505 1561 540 1626 in
569 1561 644 1627 aliis
667 1543 952 1627 enuntiationibus
974 1559 1054 1648 perf.
1079 1561 1161 1649 conj.
1184 1566 1259 1648 post
1281 1565 1378 1647 temp.

290 1667 380 1748 praet.
409 1661 554 1748 positum
576 1660 751 1748 reperitur3
781 1661 873 1749 cujus
897 1661 1026 1747 generis
1049 1662 1199 1748 exempla
1222 1661 1309 1749 apud
1331 1661 1380 1726 in·

290 1761 419 1828 ferioris
452 1761 661 1848 potissimum
694 1761 801 1828 6616116
835 1762 944 1848 script.
972 1762 1027 1828 hic
1049 1761 1119 1827 illic
1147 1767 1322 1828 occurrunt
1337 1757 1380 1845 ¹);

294 1867 324 1946 l)
347 1863 382 1927 in
404 1861 661 1947 interrogatione
679 1861 826 1948 obliqua:
852 1864 879 1941 1,
896 1863 946 1941 29,
960 1863 977 1926 7
990 1868 1070 1948 quot
1083 1861 1298 1928 annifuerint
1320 1915 1326 1928 .
1346 1915 1352 1928 .
1374 1917 1379 1928 .

291 1962 427 2028 minime
451 1961 613 2048 scriptura
634 1962 824 2048 prodiderit.
851 1963 878 2041 1,
900 1963 951 2042 36,
973 1961 994 2026 5
1015 1964 1104 2028 unde
1120 1964 1191 2029 haec
1204 1963 1380 2030 auctoritas

157 2057 160 2062 ⁸
291 2061 401 2147 fuerit⁸
424 2067 602 2149 assumpta,
630 2085 697 2129 non
724 2063 862 2150 repperi.
896 2065 926 2142 2,
952 2065 1004 2143 41,
1034 2064 1050 2126 1
1078 2063 1151 2150 quis
1175 2086 1212 2129 eo
1235 2069 1380 2151 tempore

365 2163 562 2250 regnaverit,
585 2163 724 2229 historia
746 2187 812 2229 non
835 2163 948 2229 edidit.
994 2163 1134 2251 Singula
1148 2168 1278 2231 tantum
1295 2165 1380 2253 ejus·

291 2264 381 2329 modi
403 2264 593 2350 exemplae
621 2264 695 2330 Liv.
719 2264 794 2332 Val.
818 2265 904 2330 Max.
933 2265 1009 2330 Tac.
1039 2263 1180 2352 Capitol.
1212 2270 1381 2353 assumpta

291 2364 429 2452 Draeger
456 2365 477 2430 l.
501 2365 521 2428 l.
545 2388 575 2451 p.
599 2365 661 2429 262
689 2363 794 2430 affert.
828 2367 861 2448 2)
884 2366 927 2431 In
950 2365 1124 2431 sententiis
1147 2365 1310 2431 relativis:
1343 2367 1380 2431 M

290 2465 341 2545 22,
363 2467 385 2530 4
405 2464 623 2545 testabantur,
646 2465 827 2530 Martinum
849 2466 1057 2553 respondisse
1082 2519 1138 2530 ...
1163 2466 1379 2532 absolvendos

291 2588 363 2631 esse
396 2563 550 2651 peccatis,
586 2565 642 2650 qui
675 2587 809 2651 peccare
846 2565 1013 2632 desierint.
1048 2568 1098 2645 24,
1125 2567 1145 2630 3
1171 2567 1380 2646 rettulerunt,

291 2665 455 2751 quendam
480 2717 529 2730 ...
554 2664 731 2744 exstitisse,
744 2666 801 2750 qui
822 2717 869 2731 ...
890 2667 1073 2754 jactaverit.
1098 2665 1176 2752 (His
1188 2667 1269 2733 locis
1281 2671 1378 2754 temp.

230 2834 232 2838 ,
291 2789 335 2832 or.
364 2773 461 2831 rectae
488 2765 524 2831 in
552 2766 614 2832 obl.
644 2788 687 2831 cr.
711 2765 894 2850 retinetur).
930 2768 962 2851 3)
986 2768 1028 2832 In
1050 2767 1233 2833 enuntiatis
1256 2773 1380 2854 tempo·

290 2866 430 2932 talibus:
453 2867 486 2931 D
512 2869 538 2945 1,
564 2867 612 2945 12,
635 2868 655 2931 3
677 2889 750 2931 oum
774 2888 849 2931 eum
870 2866 1008 2933 libertus
1026 2867 1209 2934 deseruerit
1219 2867 1379 2955 ingratus,

290 2967 465 3034 miseratus
493 2972 544 3033 est
570 2967 679 3054 potius
707 2990 806 3052 quam
832 2967 1013 3034 insectatus
1038 2961 1221 3034 abeuntem.
1266 2968 1378 3056 Temp.

291 3092 335 3134 or.
364 3092 388 3133 r.
413 3072 463 3134 est
489 3072 668 3134 retentum:
703 3063 737 3132 Id
758 3069 786 3147 1,
811 3069 851 3132 14
871 3065 1037 3135 fatebatur
1060 3121 1065 3132 .
1086 3121 1091 3132 .
1112 3122 1117 3134 .
1141 3069 1269 3135 tamdiu
1292 3067 1378 3135 circa

291 3191 325 3235 66
364 3169 496 3235 saevisse
529 3168 650 3255 ignem,
684 3168 842 3254 quamdiu
957 3191 1126 3256 erumpere
1158 3170 1377 3257 temptaverit:

291 3268 324 3334 D
352 3270 380 3348 3,
410 3271 458 3348 14,
493 3271 509 3333 1
537 3273 715 3334 testantem
752 3268 916 3355 quendam
947 3292 1053 3356 nuper
1086 3269 1199 3335 audivi
1223 3323 1227 3334 .
1248 3323 1253 3335 .
1276 3323 1281 3334 .
1306 3293 1380 3335 oum

293 3420 329 3434 ..
355 3421 360 3432 .
389 3369 581 3435 clamaverit
615 3420 620 3433 .
646 3421 652 3433 .
678 3419 684 3432 .
714 3392 789 3434 mox
821 3374 1050 3456 tempestatem
1083 3369 1186 3436 fuisse
1220 3371 1377 3436 sed-atam.

290 3471 325 3553 4)
347 3470 389 3534 In
412 3474 523 3534 enunt.
548 3468 749 3535 causalibus:
775 3471 803 3548 1,
826 3470 993 3549 36‚4oum
1005 3469 1094 3536 intra
1105 3470 1140 3535 id
1151 3476 1280 3558 tempus
1299 3469 1381 3537 Saul

291 3569 479 3658 regnaverit
501 3574 598 3656 61666
621 3568 807 3650 decesserit,
831 3591 930 3656 parvo
955 3571 1131 3637 admodum
1153 3571 1260 3658 spatio
1271 3570 1380 3638 tenuit

207 3733 208 3740 .
291 3670 474 3757 imperium.
509 3669 542 3735 D
571 3670 599 3749 1,
624 3670 672 3750 16,
693 3671 715 3734 4
737 3693 859 3735 annum
886 3670 1081 3758 integrum.
1102 3689 1132 3736 ζ.
1157 3672 1252 3760 exegi
1274 3671 1380 3758 magis

292 3771 424 3838 virtutis
459 3771 637 3837 admirator
670 3771 796 3850 alienae,
824 3794 922 3857 quam
949 3771 1036 3858 quod
1057 3772 1128 3858 ipse
1150 3777 1219 3837 tam
1241 3773 1380 3838 arduum

293 3870 398 3957 adque
426 3871 561 3937 difficile
583 3870 747 3958 potuerim
767 3875 928 3958 temptare
951 3871 1163 3960 propositum.
1201 3873 1234 3937 D
1257 3875 1286 3954 2,
1307 3875 1328 3938 8
1360 3873 1381 3938 3

292 3971 370 4058 quia
392 3972 557 4057 quandam
578 3972 712 4038 viduam
735 3994 854 4058 vagam
950 3973 1190 4060 objurgaverim
1286 3978 1380 4040 tanta

382 4255 406 4328 ¹)
428 4261 474 4318 Otr
496 4264 608 4334 Drager
630 4265 648 4318 l.
673 4264 692 4319 l.
716 4282 743 4333 p.
769 4265 827 4319 261
853 4279 929 4333 seqq.
