3248 5072
717 463 758 532 87

198 641 353 730 spatium,
377 640 508 728 siquid
530 647 644 708 contra
666 643 842 712 accidisset
869 646 958 730 (niv.
981 649 1070 733 post.
1087 641 1225 726 Dreeger
1246 639 1286 706 II

199 766 229 838 p.
254 741 323 808 775.
347 742 490 828 Kiihner
510 765 541 836 p.
563 741 651 828 5611).
685 744 727 810 In
749 746 812 812 abl.
837 746 995 814 absolute.
1019 744 1052 810 D
1074 745 1104 823 3,
1128 743 1286 822 11,611111

200 841 372 922 defuturis,
400 842 457 930 qui
479 850 706 930 sequerentur.
742 846 826 932 (Hic
847 846 918 915 illic
941 846 1028 935 apud
1050 845 1123 912 Iriv.
1147 849 1181 911 11
1201 846 1285 930 post.

200 945 337 1032 Draeger
357 944 397 1010 II
419 967 449 1031 p.
473 945 559 1032 761).

283 1062 450 1143 ,4111111111
478 1063 572 1129 absol.
601 1086 821 1151 saepenumero
845 1070 958 1132 contra
978 1064 1164 1153 legitimum
1190 1083 1287 1127 usum

201 1161 372 1230 adbibitus
392 1162 563 1251 reperitur,
587 1164 614 1244 1,
640 1165 687 1244 11,
705 1166 730 1230 8
752 1165 997 1234 abundantibus
1018 1188 1077 1254 per
1098 1167 1201 1230 totam
1218 1160 1286 1228 Ae·

201 1268 338 1352 gyptum
370 1261 554 1346 frumentis,
587 1287 741 1353 magnam
774 1267 901 1353 copiam
929 1265 1102 1354 congessit.
1139 1264 1166 1344 1,
1196 1264 1287 1342 12,,2

201 1365 319 1452 quibus
346 1363 405 1431 ille
426 1365 507 1432 11111
532 1419 538 1432 .
559 1418 565 1430 .
585 1417 591 1431 .
615 1365 781 1433 hostiliter
803 1389 858 1435 eos
881 1368 1012 1435 venisse
1035 1420 1040 1433 .
1061 1420 1067 1431 .
1088 1418 1093 1431 .
1118 1362 1285 1452 arguebat.

202 1466 230 1546 1,
255 1467 303 1546 19,
324 1468 347 1532 4
367 1465 562 1533 immorante
584 1465 709 1534 diutius
732 1469 846 1556 Moyse
941 1468 1092 1556 populus,
1115 1465 1287 1552 desperato

201 1567 272 1656 ejus
299 1567 417 1633 reditu.
454 1568 481 1647 1,
510 1568 558 1648 19,
586 1569 606 1632 8
634 1573 789 1656 poscente
811 1569 855 1634 M.
960 1573 1012 1635 est
1032 1589 1234 1654 responsum.
1260 1565 1287 1642 l,

201 1668 252 1747 26,
282 1669 297 1731 1
321 1667 477 1734 defuncto
504 1667 546 1734 G.
570 1718 577 1732 .
598 1718 604 1733 .
624 1720 630 1735 .
653 1669 741 1737 filius
770 1671 840 1759 ejus
864 1721 871 1734 .
891 1721 897 1736 .
916 1720 923 1736 .
945 1691 1083 1757 regnum
1105 1664 1286 1752 occupavit.

204 1768 231 1849 1,
254 1770 304 1849 27,
326 1769 347 1833 3
368 1768 524 1857 vulpibus
547 1769 651 1857 captis
748 1794 802 1838 eas
898 1770 1035 1838 inmisit.
1059 1766 1118 1836 Ofr
1141 1768 1168 1846 1,
1191 1767 1241 1845 37,
1261 1765 1287 1830 1.

204 1872 231 1950 1,
252 1872 304 1951 ιθ,
327 1870 356 1935 7.
380 1871 408 1951 1,
430 1871 481 1950 46,
504 1870 533 1935 3.
566 1870 684 1958 Neque
699 1895 775 1938 1111
788 1871 912 1939 similia
923 1871 1011 1959 apud
1023 1869 1164 1958 optimos
1178 1865 1287 1952 script.

202 1971 322 2038 desunt
337 1966 379 2059 ¹).
919 1979 920 1984 ’

285 2090 338 2156 De
360 2088 506 2176 subjecto
530 2088 700 2155 sententiae
722 2089 884 2177 primaria
905 2078 992 2155 inter
1014 2087 1176 2154 ablativos
1188 2087 1288 2153 inter-

202 2189 309 2277 posito
332 2191 427 2256 docet
448 2188 584 2276 Draeger
605 2191 651 2276 (p.
675 2190 762 2276 762),
784 2191 872 2255 hunc
895 2213 991 2256 usum
1013 2188 1101 2276 apud
1112 2187 1171 2253 inf.
1184 2187 1289 2254 atatis

198 2289 313 2379 script.
346 2312 514 2378 perrarum
542 2313 613 2356 esse
641 2294 739 2377 atque
766 2290 843 2356 inde
867 2315 886 2357 1
908 2288 989 2356 Sall.
1017 2294 1050 2356 et
1076 2287 1168 2355 Livii
1195 2292 1289 2354 aetate

203 2413 381 2479 numquam
408 2391 561 2471 inveniri,
584 2390 650 2458 nisi
671 2391 707 2457 in
729 2391 987 2479 pronominibus,
1010 2413 1080 2478 quae
1102 2392 1180 2456 sunt
1201 2387 1289 2478 quis·

202 2516 265 2580 que
287 2496 321 2558 11
341 2492 422 2580 ipse,
444 2492 480 2558 id
502 2493 588 2580 quod
611 2489 798 2569 Severianis
821 2492 979 2582 exemplis
996 2489 1168 2557 refellitur.
1192 2489 1289 2569 1,12,

202 2595 222 2659 2
243 2581 362 2680 quibus
384 2590 442 2658 ille
463 2592 545 2659 risis
640 2593 807 2660 hostiliter
823 2616 878 2659 eos
894 2593 1025 2660 venisse
1122 2589 1289 2678 arguebat.

202 2693 235 2758 D
257 2696 287 2775 3,
308 2696 339 2774 4,
357 2695 382 2759 ’3
404 2715 469 2781 qua
489 2693 548 2758 ille
570 2716 649 2760 1111
671 2699 825 2782 percepta
846 2695 931 2760 lecto
954 2717 1013 2760 suo
1028 2692 1180 2759 turbatus
1193 2713 1289 2756 excu-

201 2795 291 2863 titur.
330 2793 408 2861 Ohr.
438 2795 465 2874 1,
487 2792 538 2873 52,
560 2797 581 2860 4
602 2794 721 2882 quibus
748 2795 861 2861 Josias
888 2795 924 2860 in
951 2793 1120 2880 pulverem
1147 2789 1290 2858 redactis

202 2896 386 2963 'sacerdotes
410 2945 468 2961 ...
491 2894 666 2962 interfecit.

284 3014 552 3102 Imperaooaliter‚
574 3016 612 3078 ut
634 3012 736 3101 ajunt,
760 3011 824 3077 abl.
841 3011 941 3077 absol.
955 3014 1142 3098 usurpatur.
1168 3011 1194 3090 1,
1207 3011 1291 3089 34,6

203 3113 261 3182 aad
283 3136 301 3178 e
323 3112 447 3200 proelio
470 3113 609 3180 reversis
632 3113 757 3180 multus
781 3111 868 3178 circa
891 3110 1003 3178 David
1027 3109 1292 3178 favorinvidiam

202 3215 289 3302 regis
312 3214 514 3280 accenderat.
556 3213 758 3299 (Rarissima
779 3236 850 3280 esse
873 3214 942 3278 haec
964 3216 1128 3278 structura
1149 3211 1290 3278 videtur.

204 3315 262 3382 Ofr
284 3316 418 3402 Draeger
438 3337 470 3402 p.
493 3315 578 3401 760).

284 3415 507 3503 Frequentius
535 3419 645 3480 autem
672 3437 774 3502 pron„
797 3414 884 3502 quod
907 3415 943 3481 in
965 3417 1130 3480 structura
1153 3412 1291 3498 ablativi

180 3517 305 3584 absol.
328 3515 468 3605 subjecti
490 3514 577 3581 11111
601 3515 764 3582 sustinere
776 3513 927 3595 debebat,
944 3515 1101 3583 omissum
1111 3513 1290 3593 invenitur,

204 3618 233 3683 si
260 3618 408 3705 sequitur
440 3616 623 3683 enuntiatio
656 3616 804 3682 relativa.
838 3618 868 3696 2,
896 3618 948 3696 43,
970 3618 991 3681 4
1013 3615 1197 3702 compertis.
1220 3626 1290 3701 quse

205 3717 335 3784 decreta
357 3721 459 3784 orant.
482 3719 512 3797 2,
534 3718 585 3795 48,
607 3715 627 3780 5
649 3717 793 3797 calcatis,
812 3739 882 3803 quae
979 3717 1009 3795 2,
1020 3715 1289 3801 49,2c0mpertis

204 3843 273 3906 quae
296 3821 390 3905 gesta
411 3821 498 3884 sunt.
521 3817 612 3904 (Liv.
635 3814 826 3892 SuetTac.
845 3816 985 3904 *Draeger
1005 3839 1036 3902 p.
1060 3816 1146 3901 763).

288 3916 377 3985 Satis
410 3940 482 3984 raro
515 3918 602 4008 apud
635 3917 774 3984 Latinos
801 3922 883 4004 part.
907 3916 987 4004 parf.
1009 3919 1091 3981 verb.
1115 3919 1225 4003 depon.
1249 3913 1290 3980 ad

204 4025 402 4088 structuram
415 4018 478 4085 abl.
491 4021 591 4087 absol.
606 4017 756 4085 adhiberi
767 4016 973 4105 grammatici
985 4017 1104 4084 docent
1118 4011 1159 4103 ἱ).
1187 4013 1290 4104 Apud

292 4203 316 4279 ¹)
339 4210 385 4265 cfr
407 4209 517 4280 Draeger
540 4210 565 4262 ll
588 4228 616 4279 p.
642 4212 702 4268 719
725 4227 782 4279 seq.

293 4290 317 4366 ²)
340 4297 450 4367 Draeger
472 4296 492 4350 l.
515 4296 535 4350 l.
559 4314 587 4365 p.
613 4297 672 4351 765
696 4313 752 4365 seq.
