<?xml version="1.0" encoding="UTF-8"?>
<!DOCTYPE html PUBLIC "-//W3C//DTD XHTML 1.0 Transitional//EN"
    "http://www.w3.org/TR/xhtml1/DTD/xhtml1-transitional.dtd">
<html xmlns="http://www.w3.org/1999/xhtml" xml:lang="en" lang="en">
 <head>
  <title>
</title>
<meta http-equiv="Content-Type" content="text/html;charset=utf-8" />
  <meta name='ocr-system' content='tesseract 3.04.00' />
  <meta name='ocr-capabilities' content='ocr_page ocr_carea ocr_par ocr_line ocrx_word'/>
</head>
<body>
  <div class='ocr_page' id='page_1' title='image "./desyntaxisulpic00lngoog_0009.png"; bbox 0 0 3248 5072; ppageno 0'>
   <div class='ocr_carea' id='block_1_1' title="bbox 267 647 1433 2544">
    <p class='ocr_par' dir='ltr' id='par_1_1' title="bbox 267 647 1433 2544">
     <span class='ocr_line' id='line_1_1' title="bbox 342 647 1432 737; baseline 0.002 -22"><span class='ocrx_word' id='word_1_1' title='bbox 342 649 450 737; x_wconf 90' lang='lat' dir='ltr'>pioius</span> <span class='ocrx_word' id='word_1_2' title='bbox 484 647 635 728; x_wconf 86' lang='lat' dir='ltr'>Severus,</span> <span class='ocrx_word' id='word_1_3' title='bbox 669 672 765 736; x_wconf 91' lang='lat' dir='ltr'>quem</span> <span class='ocrx_word' id='word_1_4' title='bbox 793 654 922 715; x_wconf 87' lang='lat' dir='ltr'>constat</span> <span class='ocrx_word' id='word_1_5' title='bbox 947 649 1044 717; x_wconf 91' lang='lat' dir='ltr'>initio</span> <span class='ocrx_word' id='word_1_6' title='bbox 1071 650 1179 737; x_wconf 92' lang='lat' dir='ltr'>quinti</span> <span class='ocrx_word' id='word_1_7' title='bbox 1207 651 1310 717; x_wconf 89' lang='lat' dir='ltr'>seculi</span> <span class='ocrx_word' id='word_1_8' title='bbox 1331 651 1432 718; x_wconf 86' lang='lat' dir='ltr'>libros</span> 
     </span>
     <span class='ocr_line' id='line_1_2' title="bbox 341 747 1432 838; baseline 0.001 -22"><span class='ocrx_word' id='word_1_9' title='bbox 341 773 420 816; x_wconf 88' lang='lat' dir='ltr'>suos</span> <span class='ocrx_word' id='word_1_10' title='bbox 454 749 694 837; x_wconf 88' lang='lat' dir='ltr'>conscripsisse.</span> <span class='ocrx_word' id='word_1_11' title='bbox 740 747 964 836; x_wconf 85' lang='lat' dir='ltr'>Antiquorum</span> <span class='ocrx_word' id='word_1_12' title='bbox 991 773 1066 816; x_wconf 91' lang='lat' dir='ltr'>eum</span> <span class='ocrx_word' id='word_1_13' title='bbox 1094 751 1226 838; x_wconf 81' lang='lat' dir='ltr'>egregia</span> <span class='ocrx_word' id='word_1_14' title='bbox 1246 751 1432 818; x_wconf 87' lang='lat' dir='ltr'>litterarum</span> 
     </span>
     <span class='ocr_line' id='line_1_3' title="bbox 341 849 1433 940; baseline 0.002 -24"><span class='ocrx_word' id='word_1_15' title='bbox 341 855 557 916; x_wconf 90' lang='lat' dir='ltr'>monumenta</span> <span class='ocrx_word' id='word_1_16' title='bbox 588 873 688 916; x_wconf 92' lang='lat' dir='ltr'>manu</span> <span class='ocrx_word' id='word_1_17' title='bbox 715 849 857 937; x_wconf 86' lang='lat' dir='ltr'>impigra</span> <span class='ocrx_word' id='word_1_18' title='bbox 883 852 1066 918; x_wconf 86' lang='lat' dir='ltr'>versavisse</span> <span class='ocrx_word' id='word_1_19' title='bbox 1089 856 1122 916; x_wconf 89' lang='lat' dir='ltr'>et</span> <span class='ocrx_word' id='word_1_20' title='bbox 1144 875 1218 917; x_wconf 90' lang='lat' dir='ltr'>cum</span> <span class='ocrx_word' id='word_1_21' title='bbox 1244 851 1369 940; x_wconf 87' lang='lat' dir='ltr'>judicio</span> <span class='ocrx_word' id='word_1_22' title='bbox 1397 852 1433 918; x_wconf 93' lang='lat' dir='ltr'>in</span> 
     </span>
     <span class='ocr_line' id='line_1_4' title="bbox 340 949 1432 1039; baseline 0.002 -23"><span class='ocrx_word' id='word_1_23' title='bbox 340 974 441 1016; x_wconf 92' lang='lat' dir='ltr'>usum</span> <span class='ocrx_word' id='word_1_24' title='bbox 463 973 558 1016; x_wconf 91' lang='lat' dir='ltr'>suum</span> <span class='ocrx_word' id='word_1_25' title='bbox 581 949 789 1030; x_wconf 87' lang='lat' dir='ltr'>convertisse,</span> <span class='ocrx_word' id='word_1_26' title='bbox 804 950 928 1038; x_wconf 89' lang='lat' dir='ltr'>scripta</span> <span class='ocrx_word' id='word_1_27' title='bbox 940 951 1010 1039; x_wconf 90' lang='lat' dir='ltr'>ejus</span> <span class='ocrx_word' id='word_1_28' title='bbox 1024 951 1322 1039; x_wconf 76' lang='lat' dir='ltr'>contemplantibus</span> <span class='ocrx_word' id='word_1_29' title='bbox 1335 951 1432 1018; x_wconf 87' lang='lat' dir='ltr'>facile</span> 
     </span>
     <span class='ocr_line' id='line_1_5' title="bbox 342 1049 1432 1138; baseline 0.003 -22"><span class='ocrx_word' id='word_1_30' title='bbox 342 1055 487 1138; x_wconf 89' lang='lat' dir='ltr'>apparet.</span> <span class='ocrx_word' id='word_1_31' title='bbox 524 1049 692 1138; x_wconf 57' lang='lat' dir='ltr'>*Simplex</span> <span class='ocrx_word' id='word_1_32' title='bbox 724 1051 813 1117; x_wconf 90' lang='lat' dir='ltr'>enirn</span> <span class='ocrx_word' id='word_1_33' title='bbox 846 1056 879 1116; x_wconf 92' lang='lat' dir='ltr'>et</span> <span class='ocrx_word' id='word_1_34' title='bbox 911 1053 1078 1117; x_wconf 87' lang='lat' dir='ltr'>excultum</span> <span class='ocrx_word' id='word_1_35' title='bbox 1111 1053 1245 1118; x_wconf 81' lang='lat' dir='ltr'>exhibet</span> <span class='ocrx_word' id='word_1_36' title='bbox 1277 1052 1432 1120; x_wconf 86' lang='lat' dir='ltr'>dictionis</span> 
     </span>
     <span class='ocr_line' id='line_1_6' title="bbox 343 1149 1431 1238; baseline 0.002 -22"><span class='ocrx_word' id='word_1_37' title='bbox 343 1174 456 1238; x_wconf 86' lang='lat' dir='ltr'>genus.</span> <span class='ocrx_word' id='word_1_38' title='bbox 507 1149 582 1235; x_wconf 80' lang='lat' dir='ltr'>Qua</span> <span class='ocrx_word' id='word_1_39' title='bbox 614 1151 649 1216; x_wconf 93' lang='lat' dir='ltr'>in</span> <span class='ocrx_word' id='word_1_40' title='bbox 676 1174 710 1216; x_wconf 91' lang='lat' dir='ltr'>re</span> <span class='ocrx_word' id='word_1_41' title='bbox 738 1151 900 1238; x_wconf 81' lang='lat' dir='ltr'>imprimis</span> <span class='ocrx_word' id='word_1_42' title='bbox 935 1151 1173 1232; x_wconf 82' lang='lat' dir='ltr'>Chronioorum</span> <span class='ocrx_word' id='word_1_43' title='bbox 1204 1153 1282 1219; x_wconf 86' lang='lat' dir='ltr'>libri</span> <span class='ocrx_word' id='word_1_44' title='bbox 1315 1153 1431 1219; x_wconf 91' lang='lat' dir='ltr'>ceteris</span> 
     </span>
     <span class='ocr_line' id='line_1_7' title="bbox 341 1251 1430 1340; baseline 0.003 -25"><span class='ocrx_word' id='word_1_45' title='bbox 341 1251 546 1339; x_wconf 77' lang='lat' dir='ltr'>praeeelluut3</span> <span class='ocrx_word' id='word_1_46' title='bbox 580 1275 657 1318; x_wconf 88' lang='lat' dir='ltr'>nam</span> <span class='ocrx_word' id='word_1_47' title='bbox 685 1251 721 1317; x_wconf 92' lang='lat' dir='ltr'>iu</span> <span class='ocrx_word' id='word_1_48' title='bbox 749 1251 830 1319; x_wconf 89' lang='lat' dir='ltr'>Vita</span> <span class='ocrx_word' id='word_1_49' title='bbox 851 1252 997 1333; x_wconf 85' lang='lat' dir='ltr'>Martini,</span> <span class='ocrx_word' id='word_1_50' title='bbox 1026 1253 1061 1318; x_wconf 92' lang='lat' dir='ltr'>iu</span> <span class='ocrx_word' id='word_1_51' title='bbox 1089 1253 1239 1340; x_wconf 86' lang='lat' dir='ltr'>epistolis</span> <span class='ocrx_word' id='word_1_52' title='bbox 1267 1259 1300 1319; x_wconf 91' lang='lat' dir='ltr'>et</span> <span class='ocrx_word' id='word_1_53' title='bbox 1329 1253 1430 1319; x_wconf 84' lang='lat' dir='ltr'>dialo-</span> 
     </span>
     <span class='ocr_line' id='line_1_8' title="bbox 340 1350 1431 1441; baseline 0.004 -25"><span class='ocrx_word' id='word_1_54' title='bbox 340 1351 403 1438; x_wconf 86' lang='lat' dir='ltr'>gis,</span> <span class='ocrx_word' id='word_1_55' title='bbox 432 1350 550 1437; x_wconf 89' lang='lat' dir='ltr'>quibus</span> <span class='ocrx_word' id='word_1_56' title='bbox 577 1352 613 1418; x_wconf 91' lang='lat' dir='ltr'>in</span> <span class='ocrx_word' id='word_1_57' title='bbox 641 1351 771 1439; x_wconf 87' lang='lat' dir='ltr'>scriptis</span> <span class='ocrx_word' id='word_1_58' title='bbox 804 1352 953 1418; x_wconf 90' lang='lat' dir='ltr'>homines</span> <span class='ocrx_word' id='word_1_59' title='bbox 982 1354 1093 1420; x_wconf 88' lang='lat' dir='ltr'>doctos</span> <span class='ocrx_word' id='word_1_60' title='bbox 1127 1353 1237 1420; x_wconf 89' lang='lat' dir='ltr'>minus</span> <span class='ocrx_word' id='word_1_61' title='bbox 1266 1358 1431 1441; x_wconf 75' lang='lat' dir='ltr'>spectasse</span> 
     </span>
     <span class='ocr_line' id='line_1_9' title="bbox 343 1451 1430 1542; baseline 0.003 -25"><span class='ocrx_word' id='word_1_62' title='bbox 343 1451 483 1531; x_wconf 85' lang='lat' dir='ltr'>videtur,</span> <span class='ocrx_word' id='word_1_63' title='bbox 516 1452 586 1538; x_wconf 87' lang='lat' dir='ltr'>ipse</span> <span class='ocrx_word' id='word_1_64' title='bbox 618 1475 652 1518; x_wconf 88' lang='lat' dir='ltr'>se</span> <span class='ocrx_word' id='word_1_65' title='bbox 682 1452 898 1519; x_wconf 72' lang='lat' dir='ltr'>»soloecismis</span> <span class='ocrx_word' id='word_1_66' title='bbox 932 1477 998 1519; x_wconf 90' lang='lat' dir='ltr'>non</span> <span class='ocrx_word' id='word_1_67' title='bbox 1033 1455 1219 1521; x_wconf 69' lang='lat' dir='ltr'>erubuisse»</span> <span class='ocrx_word' id='word_1_68' title='bbox 1251 1455 1430 1542; x_wconf 88' lang='lat' dir='ltr'>profitetur.</span> 
     </span>
     <span class='ocr_line' id='line_1_10' title="bbox 341 1549 1431 1642; baseline 0.003 -25"><span class='ocrx_word' id='word_1_69' title='bbox 341 1549 539 1636; x_wconf 49' lang='lat' dir='ltr'>*Quotidiani</span> <span class='ocrx_word' id='word_1_70' title='bbox 570 1553 606 1619; x_wconf 94' lang='lat' dir='ltr'>in</span> <span class='ocrx_word' id='word_1_71' title='bbox 637 1552 679 1618; x_wconf 90' lang='lat' dir='ltr'>iis</span> <span class='ocrx_word' id='word_1_72' title='bbox 714 1558 747 1619; x_wconf 91' lang='lat' dir='ltr'>et</span> <span class='ocrx_word' id='word_1_73' title='bbox 778 1551 908 1618; x_wconf 82' lang='lat' dir='ltr'>remissi</span> <span class='ocrx_word' id='word_1_74' title='bbox 947 1554 1105 1620; x_wconf 90' lang='lat' dir='ltr'>sermonis</span> <span class='ocrx_word' id='word_1_75' title='bbox 1144 1555 1280 1621; x_wconf 91' lang='lat' dir='ltr'>licentia</span> <span class='ocrx_word' id='word_1_76' title='bbox 1313 1555 1431 1642; x_wconf 87' lang='lat' dir='ltr'>saepius</span> 
     </span>
     <span class='ocr_line' id='line_1_11' title="bbox 341 1651 1431 1742; baseline 0.003 -25"><span class='ocrx_word' id='word_1_77' title='bbox 341 1651 609 1740; x_wconf 87' lang='lat' dir='ltr'>deprehenditur.</span> <span class='ocrx_word' id='word_1_78' title='bbox 654 1652 772 1740; x_wconf 90' lang='lat' dir='ltr'>Neque</span> <span class='ocrx_word' id='word_1_79' title='bbox 805 1653 938 1719; x_wconf 92' lang='lat' dir='ltr'>omnino</span> <span class='ocrx_word' id='word_1_80' title='bbox 971 1655 1043 1721; x_wconf 92' lang='lat' dir='ltr'>fieri</span> <span class='ocrx_word' id='word_1_81' title='bbox 1075 1654 1193 1742; x_wconf 88' lang='lat' dir='ltr'>potuit,</span> <span class='ocrx_word' id='word_1_82' title='bbox 1227 1656 1307 1742; x_wconf 91' lang='lat' dir='ltr'>quin</span> <span class='ocrx_word' id='word_1_83' title='bbox 1340 1655 1431 1722; x_wconf 85' lang='lat' dir='ltr'>vitiis</span> 
     </span>
     <span class='ocr_line' id='line_1_12' title="bbox 267 1752 1431 1844; baseline 0.001 -25"><span class='ocrx_word' id='word_1_84' title='bbox 267 1821 269 1830; x_wconf 26' lang='lat' dir='ltr'><em>s</em></span> <span class='ocrx_word' id='word_1_85' title='bbox 340 1752 534 1819; x_wconf 56' lang='lat' dir='ltr'>‘inveteratis</span> <span class='ocrx_word' id='word_1_86' title='bbox 557 1758 591 1819; x_wconf 92' lang='lat' dir='ltr'>et</span> <span class='ocrx_word' id='word_1_87' title='bbox 612 1753 707 1839; x_wconf 90' lang='lat' dir='ltr'>quasi</span> <span class='ocrx_word' id='word_1_88' title='bbox 728 1753 862 1834; x_wconf 88' lang='lat' dir='ltr'>innatis,</span> <span class='ocrx_word' id='word_1_89' title='bbox 886 1753 1004 1840; x_wconf 92' lang='lat' dir='ltr'>quibus</span> <span class='ocrx_word' id='word_1_90' title='bbox 1023 1754 1194 1821; x_wconf 79' lang='lat' dir='ltr'>laborabat</span> <span class='ocrx_word' id='word_1_91' title='bbox 1209 1755 1309 1844; x_wconf 88' lang='lat' dir='ltr'>hujus</span> <span class='ocrx_word' id='word_1_92' title='bbox 1326 1756 1431 1821; x_wconf 87' lang='lat' dir='ltr'>aetatis</span> 
     </span>
     <span class='ocr_line' id='line_1_13' title="bbox 341 1853 1430 1943; baseline 0.001 -24"><span class='ocrx_word' id='word_1_93' title='bbox 341 1876 448 1920; x_wconf 89' lang='lat' dir='ltr'>sermo</span> <span class='ocrx_word' id='word_1_94' title='bbox 471 1853 605 1941; x_wconf 85' lang='lat' dir='ltr'>latinus,</span> <span class='ocrx_word' id='word_1_95' title='bbox 629 1877 648 1919; x_wconf 88' lang='lat' dir='ltr'>a</span> <span class='ocrx_word' id='word_1_96' title='bbox 670 1858 818 1921; x_wconf 87' lang='lat' dir='ltr'>veterum</span> <span class='ocrx_word' id='word_1_97' title='bbox 840 1853 1007 1940; x_wconf 82' lang='lat' dir='ltr'>elegantia</span> <span class='ocrx_word' id='word_1_98' title='bbox 1018 1853 1206 1941; x_wconf 79' lang='lat' dir='ltr'>frequenter</span> <span class='ocrx_word' id='word_1_99' title='bbox 1219 1856 1430 1943; x_wconf 87' lang='lat' dir='ltr'>abriperetur.</span> 
     </span>
     <span class='ocr_line' id='line_1_14' title="bbox 341 1951 1433 2043; baseline 0.003 -26"><span class='ocrx_word' id='word_1_100' title='bbox 341 1951 394 2018; x_wconf 85' lang='lat' dir='ltr'>Ac</span> <span class='ocrx_word' id='word_1_101' title='bbox 416 1977 458 2018; x_wconf 95' lang='lat' dir='ltr'>ne</span> <span class='ocrx_word' id='word_1_102' title='bbox 480 1952 565 2020; x_wconf 93' lang='lat' dir='ltr'>illud</span> <span class='ocrx_word' id='word_1_103' title='bbox 588 1953 720 2040; x_wconf 91' lang='lat' dir='ltr'>quidem</span> <span class='ocrx_word' id='word_1_104' title='bbox 743 1954 875 2020; x_wconf 90' lang='lat' dir='ltr'>silentio</span> <span class='ocrx_word' id='word_1_105' title='bbox 898 1955 1161 2042; x_wconf 87' lang='lat' dir='ltr'>praetereundum</span> <span class='ocrx_word' id='word_1_106' title='bbox 1182 1961 1272 2043; x_wconf 90' lang='lat' dir='ltr'>puto,</span> <span class='ocrx_word' id='word_1_107' title='bbox 1295 1980 1370 2022; x_wconf 91' lang='lat' dir='ltr'>eum</span> <span class='ocrx_word' id='word_1_108' title='bbox 1397 1956 1433 2021; x_wconf 93' lang='lat' dir='ltr'>in</span> 
     </span>
     <span class='ocr_line' id='line_1_15' title="bbox 339 2053 1433 2141; baseline 0.005 -22"><span class='ocrx_word' id='word_1_109' title='bbox 339 2053 487 2141; x_wconf 86' lang='lat' dir='ltr'>antiquis</span> <span class='ocrx_word' id='word_1_110' title='bbox 510 2053 680 2120; x_wconf 89' lang='lat' dir='ltr'>imitandis</span> <span class='ocrx_word' id='word_1_111' title='bbox 703 2078 769 2121; x_wconf 93' lang='lat' dir='ltr'>uon</span> <span class='ocrx_word' id='word_1_112' title='bbox 792 2055 898 2121; x_wconf 91' lang='lat' dir='ltr'>solum</span> <span class='ocrx_word' id='word_1_113' title='bbox 921 2054 1058 2121; x_wconf 88' lang='lat' dir='ltr'>formam</span> <span class='ocrx_word' id='word_1_114' title='bbox 1077 2056 1433 2127; x_wconf 88' lang='lat' dir='ltr'>orationiaetcolorem</span> 
     </span>
     <span class='ocr_line' id='line_1_16' title="bbox 345 2153 1433 2242; baseline 0.001 -22"><span class='ocrx_word' id='word_1_115' title='bbox 345 2154 438 2240; x_wconf 85' lang='lat' dir='ltr'>sequi</span> <span class='ocrx_word' id='word_1_116' title='bbox 461 2153 519 2220; x_wconf 89' lang='lat' dir='ltr'>sed</span> <span class='ocrx_word' id='word_1_117' title='bbox 540 2156 640 2221; x_wconf 86' lang='lat' dir='ltr'>verba</span> <span class='ocrx_word' id='word_1_118' title='bbox 662 2155 761 2221; x_wconf 90' lang='lat' dir='ltr'>etiam</span> <span class='ocrx_word' id='word_1_119' title='bbox 784 2154 1031 2242; x_wconf 75' lang='lat' dir='ltr'>locutionesque</span> <span class='ocrx_word' id='word_1_120' title='bbox 1059 2157 1170 2223; x_wconf 86' lang='lat' dir='ltr'>crebro</span> <span class='ocrx_word' id='word_1_121' title='bbox 1193 2156 1376 2223; x_wconf 81' lang='lat' dir='ltr'>exscribere</span> <span class='ocrx_word' id='word_1_122' title='bbox 1400 2159 1433 2221; x_wconf 90' lang='lat' dir='ltr'>et</span> 
     </span>
     <span class='ocr_line' id='line_1_17' title="bbox 340 2255 1431 2349; baseline 0.003 -29"><span class='ocrx_word' id='word_1_123' title='bbox 340 2255 612 2334; x_wconf 87' lang='lat' dir='ltr'>constructiones,</span> <span class='ocrx_word' id='word_1_124' title='bbox 636 2255 817 2322; x_wconf 85' lang='lat' dir='ltr'>sententias</span> <span class='ocrx_word' id='word_1_125' title='bbox 840 2278 1016 2342; x_wconf 82' lang='lat' dir='ltr'>earumque</span> <span class='ocrx_word' id='word_1_126' title='bbox 1029 2256 1331 2349; x_wconf 86' lang='lat' dir='ltr'>nexuatransferre.</span> <span class='ocrx_word' id='word_1_127' title='bbox 1364 2257 1431 2344; x_wconf 87' lang='lat' dir='ltr'>Ne·</span> 
     </span>
     <span class='ocr_line' id='line_1_18' title="bbox 340 2355 1432 2442; baseline 0 -20"><span class='ocrx_word' id='word_1_128' title='bbox 340 2379 405 2442; x_wconf 87' lang='lat' dir='ltr'>que</span> <span class='ocrx_word' id='word_1_129' title='bbox 432 2379 507 2422; x_wconf 87' lang='lat' dir='ltr'>vero</span> <span class='ocrx_word' id='word_1_130' title='bbox 535 2356 571 2422; x_wconf 90' lang='lat' dir='ltr'>in</span> <span class='ocrx_word' id='word_1_131' title='bbox 599 2357 772 2423; x_wconf 90' lang='lat' dir='ltr'>sententiis</span> <span class='ocrx_word' id='word_1_132' title='bbox 807 2355 1033 2422; x_wconf 82' lang='lat' dir='ltr'>devinciendis</span> <span class='ocrx_word' id='word_1_133' title='bbox 1061 2363 1095 2423; x_wconf 89' lang='lat' dir='ltr'>et</span> <span class='ocrx_word' id='word_1_134' title='bbox 1122 2357 1354 2423; x_wconf 87' lang='lat' dir='ltr'>connectendis</span> <span class='ocrx_word' id='word_1_135' title='bbox 1381 2356 1432 2422; x_wconf 92' lang='lat' dir='ltr'>in-</span> 
     </span>
     <span class='ocr_line' id='line_1_19' title="bbox 341 2455 1432 2544; baseline 0 -22"><span class='ocrx_word' id='word_1_136' title='bbox 341 2455 471 2542; x_wconf 86' lang='lat' dir='ltr'>signem</span> <span class='ocrx_word' id='word_1_137' title='bbox 503 2457 596 2522; x_wconf 89' lang='lat' dir='ltr'>illam</span> <span class='ocrx_word' id='word_1_138' title='bbox 629 2457 838 2542; x_wconf 90' lang='lat' dir='ltr'>antiquorum</span> <span class='ocrx_word' id='word_1_139' title='bbox 866 2479 976 2524; x_wconf 88' lang='lat' dir='ltr'>curam</span> <span class='ocrx_word' id='word_1_140' title='bbox 1004 2462 1101 2542; x_wconf 90' lang='lat' dir='ltr'>atque</span> <span class='ocrx_word' id='word_1_141' title='bbox 1130 2457 1339 2544; x_wconf 85' lang='lat' dir='ltr'>diligentiam</span> <span class='ocrx_word' id='word_1_142' title='bbox 1366 2481 1432 2523; x_wconf 91' lang='lat' dir='ltr'>non</span> 
     </span>
    </p>
   </div>
   <div class='ocr_carea' id='block_1_2' title="bbox 298 2555 1541 2646">
    <p class='ocr_par' dir='ltr' id='par_1_2' title="bbox 298 2555 1541 2646">
     <span class='ocr_line' id='line_1_20' title="bbox 298 2555 1541 2646; baseline 0.001 -25"><span class='ocrx_word' id='word_1_143' title='bbox 298 2627 303 2640; x_wconf 28' lang='grc' dir='ltr'><strong><em>Δ</em></strong></span> <span class='ocrx_word' id='word_1_144' title='bbox 341 2555 519 2622; x_wconf 90' lang='lat' dir='ltr'>desideres.</span> <span class='ocrx_word' id='word_1_145' title='bbox 563 2556 651 2622; x_wconf 89' lang='lat' dir='ltr'>Nam</span> <span class='ocrx_word' id='word_1_146' title='bbox 673 2555 826 2633; x_wconf 84' lang='lat' dir='ltr'>vinculis,</span> <span class='ocrx_word' id='word_1_147' title='bbox 850 2558 968 2641; x_wconf 85' lang='lat' dir='ltr'>quibus</span> <span class='ocrx_word' id='word_1_148' title='bbox 992 2562 1061 2623; x_wconf 85' lang='lat' dir='ltr'>arte</span> <span class='ocrx_word' id='word_1_149' title='bbox 1083 2557 1217 2624; x_wconf 89' lang='lat' dir='ltr'>interse</span> <span class='ocrx_word' id='word_1_150' title='bbox 1230 2557 1435 2646; x_wconf 80' lang='lat' dir='ltr'>colliguntur</span> <span class='ocrx_word' id='word_1_151' title='bbox 1539 2569 1541 2578; x_wconf 59' lang='lat'><strong>¹</strong></span> 
     </span>
    </p>
   </div>
   <div class='ocr_carea' id='block_1_3' title="bbox 340 2655 1476 3552">
    <p class='ocr_par' dir='ltr' id='par_1_3' title="bbox 340 2655 1476 3348">
     <span class='ocr_line' id='line_1_21' title="bbox 342 2655 1431 2744; baseline -0.001 -21"><span class='ocrx_word' id='word_1_152' title='bbox 342 2655 524 2735; x_wconf 82' lang='lat' dir='ltr'>sententiae,</span> <span class='ocrx_word' id='word_1_153' title='bbox 548 2663 605 2722; x_wconf 86' lang='lat' dir='ltr'>aut</span> <span class='ocrx_word' id='word_1_154' title='bbox 627 2656 753 2743; x_wconf 85' lang='lat' dir='ltr'>saepius,</span> <span class='ocrx_word' id='word_1_155' title='bbox 776 2678 874 2742; x_wconf 89' lang='lat' dir='ltr'>quam</span> <span class='ocrx_word' id='word_1_156' title='bbox 891 2679 950 2744; x_wconf 85' lang='lat' dir='ltr'>par</span> <span class='ocrx_word' id='word_1_157' title='bbox 972 2662 1031 2737; x_wconf 88' lang='lat' dir='ltr'>est,</span> <span class='ocrx_word' id='word_1_158' title='bbox 1055 2657 1185 2724; x_wconf 88' lang='lat' dir='ltr'>omissis</span> <span class='ocrx_word' id='word_1_159' title='bbox 1199 2657 1339 2724; x_wconf 87' lang='lat' dir='ltr'>autsiue</span> <span class='ocrx_word' id='word_1_160' title='bbox 1355 2657 1431 2723; x_wconf 91' lang='lat' dir='ltr'>arti·</span> 
     </span>
     <span class='ocr_line' id='line_1_22' title="bbox 341 2755 1433 2846; baseline 0.002 -26"><span class='ocrx_word' id='word_1_161' title='bbox 341 2755 455 2822; x_wconf 81' lang='lat' dir='ltr'>fieiosa</span> <span class='ocrx_word' id='word_1_162' title='bbox 485 2756 545 2822; x_wconf 91' lang='lat' dir='ltr'>illa</span> <span class='ocrx_word' id='word_1_163' title='bbox 567 2756 727 2823; x_wconf 86' lang='lat' dir='ltr'>varietate</span> <span class='ocrx_word' id='word_1_164' title='bbox 749 2757 916 2843; x_wconf 86' lang='lat' dir='ltr'>usurpatis</span> <span class='ocrx_word' id='word_1_165' title='bbox 944 2757 1126 2824; x_wconf 90' lang='lat' dir='ltr'>orationem</span> <span class='ocrx_word' id='word_1_166' title='bbox 1149 2757 1265 2846; x_wconf 89' lang='lat' dir='ltr'>jejuna</span> <span class='ocrx_word' id='word_1_167' title='bbox 1290 2756 1433 2844; x_wconf 89' lang='lat' dir='ltr'>quadam</span> 
     </span>
     <span class='ocr_line' id='line_1_23' title="bbox 343 2855 1476 2944; baseline -0.002 -20"><span class='ocrx_word' id='word_1_168' title='bbox 343 2856 556 2944; x_wconf 86' lang='lat' dir='ltr'>simplicitate</span> <span class='ocrx_word' id='word_1_169' title='bbox 580 2856 697 2944; x_wconf 87' lang='lat' dir='ltr'>saepius</span> <span class='ocrx_word' id='word_1_170' title='bbox 720 2855 910 2923; x_wconf 80' lang='lat' dir='ltr'>conformat.</span> <span class='ocrx_word' id='word_1_171' title='bbox 934 2858 1078 2924; x_wconf 89' lang='lat' dir='ltr'>Maxime</span> <span class='ocrx_word' id='word_1_172' title='bbox 1091 2857 1433 2924; x_wconf 81' lang='lat' dir='ltr'>auteminverborum</span> <span class='ocrx_word' id='word_1_173' title='bbox 1473 2904 1476 2910; x_wconf 83' lang='lat'>·</span> 
     </span>
     <span class='ocr_line' id='line_1_24' title="bbox 340 2957 1432 3050; baseline 0.001 -28"><span class='ocrx_word' id='word_1_174' title='bbox 340 2957 672 3045; x_wconf 77' lang='lat' dir='ltr'>enuntiationemque</span> <span class='ocrx_word' id='word_1_175' title='bbox 696 2962 861 3024; x_wconf 85' lang='lat' dir='ltr'>structura</span> <span class='ocrx_word' id='word_1_176' title='bbox 888 2957 1024 3024; x_wconf 89' lang='lat' dir='ltr'>insolita</span> <span class='ocrx_word' id='word_1_177' title='bbox 1045 2958 1130 3024; x_wconf 91' lang='lat' dir='ltr'>mul</span> <span class='ocrx_word' id='word_1_178' title='bbox 1115 2963 1150 3024; x_wconf 89' lang='lat' dir='ltr'>a</span> <span class='ocrx_word' id='word_1_179' title='bbox 1172 2964 1205 3025; x_wconf 89' lang='lat' dir='ltr'>et</span> <span class='ocrx_word' id='word_1_180' title='bbox 1226 2981 1324 3025; x_wconf 87' lang='lat' dir='ltr'>nova</span> <span class='ocrx_word' id='word_1_181' title='bbox 1334 2962 1432 3050; x_wconf 89' lang='lat' dir='ltr'>atque</span> 
     </span>
     <span class='ocr_line' id='line_1_25' title="bbox 342 3057 1436 3146; baseline 0 -22"><span class='ocrx_word' id='word_1_182' title='bbox 342 3058 383 3124; x_wconf 90' lang='lat' dir='ltr'>ab</span> <span class='ocrx_word' id='word_1_183' title='bbox 411 3057 560 3146; x_wconf 82' lang='lat' dir='ltr'>legitimo</span> <span class='ocrx_word' id='word_1_184' title='bbox 593 3059 753 3126; x_wconf 89' lang='lat' dir='ltr'>bonorum</span> <span class='ocrx_word' id='word_1_185' title='bbox 785 3058 980 3144; x_wconf 84' lang='lat' dir='ltr'>scriptorum</span> <span class='ocrx_word' id='word_1_186' title='bbox 1007 3081 1071 3125; x_wconf 88' lang='lat' dir='ltr'>usu</span> <span class='ocrx_word' id='word_1_187' title='bbox 1097 3058 1262 3125; x_wconf 86' lang='lat' dir='ltr'>recedent</span> <span class='ocrx_word' id='word_1_188' title='bbox 1237 3064 1286 3125; x_wconf 81' lang='lat' dir='ltr'>tra</span> <span class='ocrx_word' id='word_1_189' title='bbox 1317 3057 1436 3124; x_wconf 85' lang='lat' dir='ltr'>multis</span> 
     </span>
     <span class='ocr_line' id='line_1_26' title="bbox 341 3156 1431 3274; baseline 0 -50"><span class='ocrx_word' id='word_1_190' title='bbox 341 3156 447 3228; x_wconf 86' lang='lat' dir='ltr'>modis</span> <span class='ocrx_word' id='word_1_191' title='bbox 476 3159 646 3247; x_wconf 87' lang='lat' dir='ltr'>obrepunt,</span> <span class='ocrx_word' id='word_1_192' title='bbox 674 3182 744 3274; x_wconf 82' lang='lat' dir='ltr'>quae</span> <span class='ocrx_word' id='word_1_193' title='bbox 771 3158 877 3224; x_wconf 79' lang='lat' dir='ltr'>fusius</span> <span class='ocrx_word' id='word_1_194' title='bbox 906 3158 1044 3226; x_wconf 88' lang='lat' dir='ltr'>eruendi</span> <span class='ocrx_word' id='word_1_195' title='bbox 1073 3159 1167 3246; x_wconf 90' lang='lat' dir='ltr'>copia</span> <span class='ocrx_word' id='word_1_196' title='bbox 1193 3159 1288 3226; x_wconf 92' lang='lat' dir='ltr'>nobis</span> <span class='ocrx_word' id='word_1_197' title='bbox 1312 3159 1405 3225; x_wconf 89' lang='lat' dir='ltr'>erit</span> <span class='ocrx_word' id='word_1_198' title='bbox 1395 3182 1431 3225; x_wconf 94' lang='lat' dir='ltr'>1n</span> 
     </span>
     <span class='ocr_line' id='line_1_27' title="bbox 340 3257 1083 3348; baseline 0.003 -24"><span class='ocrx_word' id='word_1_199' title='bbox 340 3257 393 3338; x_wconf 85' lang='lat' dir='ltr'>iis,</span> <span class='ocrx_word' id='word_1_200' title='bbox 416 3279 486 3346; x_wconf 84' lang='lat' dir='ltr'>quaa</span> <span class='ocrx_word' id='word_1_201' title='bbox 512 3259 553 3325; x_wconf 89' lang='lat' dir='ltr'>de</span> <span class='ocrx_word' id='word_1_202' title='bbox 576 3258 662 3348; x_wconf 84' lang='lat' dir='ltr'>Synt</span> <span class='ocrx_word' id='word_1_203' title='bbox 663 3259 717 3325; x_wconf 87' lang='lat' dir='ltr'>axi</span> <span class='ocrx_word' id='word_1_204' title='bbox 739 3259 810 3348; x_wconf 87' lang='lat' dir='ltr'>ejus</span> <span class='ocrx_word' id='word_1_205' title='bbox 833 3257 946 3346; x_wconf 88' lang='lat' dir='ltr'>disput</span> <span class='ocrx_word' id='word_1_206' title='bbox 931 3259 1083 3326; x_wconf 81' lang='lat' dir='ltr'>tabinrus</span> 
     </span>
    </p>

    <p class='ocr_par' dir='ltr' id='par_1_4' title="bbox 341 3359 1432 3527">
     <span class='ocr_line' id='line_1_28' title="bbox 423 3359 1432 3466; baseline 0 -42"><span class='ocrx_word' id='word_1_207' title='bbox 423 3359 466 3424; x_wconf 93' lang='lat' dir='ltr'>In</span> <span class='ocrx_word' id='word_1_208' title='bbox 488 3359 667 3427; x_wconf 87' lang='lat' dir='ltr'>oratione</span> <span class='ocrx_word' id='word_1_209' title='bbox 657 3381 730 3448; x_wconf 88' lang='lat' dir='ltr'>1psa</span> <span class='ocrx_word' id='word_1_210' title='bbox 751 3359 831 3426; x_wconf 87' lang='lat' dir='ltr'>odit</span> <span class='ocrx_word' id='word_1_211' title='bbox 807 3363 931 3426; x_wconf 80' lang='lat' dir='ltr'>tionem</span> <span class='ocrx_word' id='word_1_212' title='bbox 946 3359 1078 3466; x_wconf 88' lang='lat' dir='ltr'>Halmii</span> <span class='ocrx_word' id='word_1_213' title='bbox 1099 3359 1323 3445; x_wconf 81' lang='lat' dir='ltr'>(Vindobona</span> <span class='ocrx_word' id='word_1_214' title='bbox 1338 3359 1432 3441; x_wconf 83' lang='grc'>1866)</span> 
     </span>
     <span class='ocr_line' id='line_1_29' title="bbox 341 3459 593 3552; baseline 0.004 -26"><span class='ocrx_word' id='word_1_215' title='bbox 341 3459 448 3552; x_wconf 76' lang='lat' dir='ltr'>secuti</span> <span class='ocrx_word' id='word_1_216' title='bbox 470 3481 593 3527; x_wconf 84' lang='lat' dir='ltr'>sumus.</span> 
     </span>
    </p>
   </div>
   <div class='ocr_carea' id='block_1_4' title="bbox 0 0 1628 5072">
    <p class='ocr_par' dir='ltr' id='par_1_5' title="bbox 0 0 1628 5072">
     <span class='ocr_line' id='line_1_30' title="bbox 0 0 1628 5072; baseline 0 0"><span class='ocrx_word' id='word_1_217' title='bbox 0 0 1628 5072; x_wconf 95' lang='lat' dir='ltr'> </span> 
     </span>
    </p>
   </div>
  </div>
 </body>
</html>
