3248 5072
856 399 897 464 42

332 577 486 660 genitivus
508 575 758 657 partitivusnon
781 574 915 655 punitur,
939 573 990 636 ubi
1013 591 1081 636 eum
1097 581 1306 654 exspectares.
1329 574 1359 646 2,
1370 571 1423 647 39,

333 679 348 740 l
373 676 581 759 pecuniaeque
603 674 700 738 eisin
723 682 879 756 sumptum
904 673 1026 736 affatim
1050 682 1166 755 gestas.
1189 673 1346 753 'Huiusce
1368 693 1424 754 ge-

331 777 414 842 neris
436 776 579 857 exempla
601 771 684 856 apud
706 783 828 838 veteres
850 775 956 855 script.
979 774 1057 836 satis
1075 793 1147 837 rara
1164 780 1297 836 exstant
1311 764 1353 856 ¹).

417 874 581 942 Genitinus
603 874 767 961 qualitatis
788 894 849 938 non
872 875 978 938 addito
1002 893 1082 938 5515.
1096 874 1295 956 appellativo
1310 874 1424 955 sapius

331 979 474 1044 occurrit.
500 979 527 1051 1,
553 979 602 1050 10,
624 979 644 1040 2
666 996 772 1038 omnes
785 1021 793 1038 .
806 995 940 1038 ..sexus
961 974 1058 1038 virilis
1081 982 1291 1056 peremerunt;
1324 975 1370 1036 cir
1391 976 1422 1049 2,

331 1078 362 1152 6,
383 1081 414 1142 3.
438 1080 466 1154 1,
488 1073 541 1152 37,
563 1079 583 1140 3
605 1097 660 1140 rex
682 1077 829 1158 unguitur
851 1093 999 1138 annorum
1023 1075 1143 1138 circiter
1164 1075 1275 1137 XXX.
1298 1077 1328 1148 2,
1351 1076 1380 1148 2,
1403 1076 1423 1136 2

331 1199 438 1242 omnes
472 1178 565 1258 huujus
604 1177 683 1240 artis
715 1176 990 1240 interficiebantur.
1031 1177 1060 1255 1,
1086 1174 1138 1249 49,
1164 1177 1186 1238 2
1215 1176 1318 1240 Pache
1354 1175 1425 1256 qui-

332 1281 404 1346 dam
426 1279 564 1360 ejusdem
588 1278 760 1341 nominis..
787 1278 814 1349 1,
837 1277 888 1351 54,
910 1271 930 1338 7
953 1276 1118 1339 Godolium
1150 1276 1287 1356 ejusdem
1311 1276 1422 1358 gentis.

332 1379 547 1452 0515551615,
570 1399 638 1459 quae
661 1386 735 1440 sunt
746 1377 925 1458 comperire,
942 1377 1057 1451 videre,
1076 1377 1210 1451 credere,
1225 1377 1422 1457 conjunctus:

331 1483 361 1555 2,
384 1475 474 1553 37,1
511 1499 578 1542 curn
606 1478 788 1542 Marcellum
817 1497 927 1559 parum
955 1497 1039 1540 sauae
1066 1477 1137 1540 fidei
1161 1477 1370 1558 comperisset.
1395 1478 1424 1550 1,

332 1576 362 1654 7,
383 1582 404 1643 4
425 1581 521 1643 lilium
541 1579 697 1660 juvenalis
720 1579 823 1641 aetatis
845 1577 963 1640 videns.
990 1581 1016 1650 1,
1038 1579 1079 1640 23
1093 1576 1121 1640 6
1143 1585 1178 1640 51
1199 1578 1225 1640 si
1248 1578 1299 1659 qui
1315 1578 1425 1640 melio-

331 1682 374 1746 ris
403 1680 553 1762 propositi
581 1680 768 1745 viderentur.
801 1681 831 1752 2,
853 1679 905 1753 43,
927 1680 947 1741 2
969 1698 1007 1740 55
1030 1679 1122 1740 unius
1145 1697 1213 1740 cum
1237 1687 1326 1758 patre
1348 1679 1425 1740 sub-

331 1782 457 1850 stantiun
481 1781 665 1844 crederetur.
708 1780 886 1859 Numquam
910 1777 1098 1852 Ciceronem,
1122 1777 1275 1842 Gaesarem
1295 1799 1364 1842 raro
1379 1778 1425 1842 ita

332 1881 447 1948 dixisse
470 1879 664 1961 grammatici
688 1880 799 1942 docent
814 1871 856 1959 ²).

418 1978 556 2045 Genitc‘ui
573 1980 672 2064 pretii
695 1980 869 2059 exenrplum
893 1979 1006 2059 legitur
1026 1982 1056 2054 2,
1079 1979 1129 2053 50,
1151 1983 1171 2041 2
1194 1980 1346 2042 Ithacium
1377 1981 1427 2042 ni·

331 2081 375 2146 hil
398 2081 495 2162 pensi,
518 2080 594 2144 nihil
616 2080 717 2142 sancti
739 2080 885 2142 habuisse
907 2080 1028 2142 definio.
1050 2080 1122 2160 (Gir
1145 2080 1222 2143 Sall.
1243 2081 1315 2161 Jug.
1333 2083 1384 2156 41,
1405 2080 1426 2144 9

332 2182 408 2250 nihil
436 2182 522 2263 pensi
546 2201 644 2261 neque
666 2180 766 2244 sancti
789 2178 931 2263 habere.)

417 2279 581 2346 Genitc'cus
623 2281 786 2361 permultis
825 2271 990 2364 adjectivis
1028 2281 1130 2342 minus
1172 2282 1288 2344 usitate
1327 2282 1426 2360 551),Ῑὶ-

333 2384 422 2456 51151,
464 2392 498 2446 51
533 2384 570 2444 61
608 2383 690 2462 apud
732 2381 886 2463 Augustei
924 2382 982 2443 aevi
1020 2391 1129 2460 poetas
1163 2390 1195 2444 et
1233 2383 1426 2464 insequentis

332 2484 508 2564 scriptores.
571 2482 732 2561 Exemplis
766 2483 806 2543 ab
835 2483 961 2545 Halmio
993 2481 1025 2544 in
1058 2482 1157 2544 indice
1191 2483 1327 2545 collectis
1360 2484 1426 2546 haec

333 2586 397 2646 fere
431 2583 574 2646 addenda
596 2580 751 2644 videntur.
776 2584 803 2654 1,
828 2583 876 2655 15,
899 2583 919 2642 4
941 2583 1046 2644 furens
1069 2583 1174 2656 animi,
1196 2585 1226 2658 2,
1250 2584 1301 2657 45,
1324 2585 1343 2646 5
1367 2586 1426 2647 du·

333 2683 404 2746 bius
430 2682 535 2744 animi.
569 2684 599 2754 2,
624 2683 673 2755 13,
696 2682 715 2742 5
738 2701 852 2761 auceps
876 2683 1003 2744 consilii.
1029 2684 1056 2756 1,
1084 2679 1130 2757 17,
1156 2682 1175 2746 6
1198 2685 1285 2763 cujus
1308 2686 1334 2747 si
1357 2685 1426 2767 quis

334 2783 394 2846 crit
416 2782 563 2846 curiosus.
602 2783 741 2854 1‚12.1
767 2802 867 2844 rerum
895 2791 1071 2863 potentem;
1104 2778 1306 2858 5112,7,1.
1339 2784 1425 2869 (niv.

333 2882 364 2958 9,
389 2884 437 2957 14,
459 2882 505 2967 5).
543 2915 583 2928 -
612 2881 730 2946 Contra
752 2902 846 2964 praep.
870 2884 899 2945 in
923 2883 1092 2946 insolenter
1119 2885 1254 2964 ponitur.
1298 2887 1332 2948 M
1357 2881 1427 2960 1,7

334 2983 365 3049 15
388 2984 500 3066 quibus
521 2983 596 3066 ipse
611 2983 670 3046 cibi
693 2983 832 3046 conscius
856 2984 929 3058 fuit3
953 2986 999 3046 cfr
1020 2983 1097 3046 Min.
1121 2985 1186 3046 Fal.
1212 2986 1239 3058 l,
1263 2983 1427 3049 3155155-

334 3085 419 3152 ribus
443 3084 591 3148 conscius.
1416 3075 1418 3082 ⁴

424 3181 525 3246 Verba
547 3184 697 3247 nonnulla
718 3185 887 3248 insolenter
909 3185 1078 3264 genitivum
1102 3185 1235 3249 habent:
1257 3187 1288 3248 D
1312 3187 1340 3260 1,
1362 3186 1426 3260 9,2

336 3285 501 3348 edacitatis
532 3284 634 3348 ninia
657 3305 712 3346 nos
735 3288 869 3348 notatos.
913 3285 942 3347 D
967 3286 995 3357 1,
1017 3286 1048 3358 4,
1070 3284 1165 3348 6555
1187 3288 1354 3350 edacitatis
1377 3290 1427 3350 ia-

335 3385 426 3465 tiges.
481 3384 553 3467 (Cir
581 3385 677 3465 Apul.
706 3385 782 3447 Met.
811 3381 935 3458 2,171,
970 3385 1000 3458 4,
1024 3386 1111 3469 246).
1158 3388 1185 3461 l,
1209 3388 1261 3461 25,
1283 3389 1302 3449 3
1326 3389 1427 3451 virtu-

337 3493 465 3566 tumque
487 3485 656 3548 Domini..
674 3486 924 3548 .recordebatur.
969 3486 1044 3565 (Hic
1065 3487 1129 3549 illic
1151 3489 1234 3568 apud
1258 3486 1348 3569 (lic).

423 3581 588 3648 Geniticos
621 3606 722 3648 cauum
755 3607 777 3654 5,
801 3585 919 3649 Graecis
942 3587 1125 3668 desumptus
1156 3588 1279 3669 legitur.¹
1320 3591 1354 3651 M
1377 3590 1427 3664 ll,

335 3686 357 3748 4
388 3687 511 3766 oravit,¹
535 3693 570 3748 ut
603 3687 672 3767 quis
708 3695 791 3748 esset
813 3688 862 3749 vel
885 3689 972 3766 cujus
995 3688 1097 3750 meriti
1121 3697 1205 3752 esset
1226 3690 1368 3768 sepultus
1390 3710 1426 3753 o·

338 3788 505 3850 stenderet.
550 3788 622 3860 (on
643 3786 739 3867 Apul.
763 3788 840 3849 Met.
863 3782 892 3860 7,
915 3786 955 3849 26
974 3789 1207 3851 seraevindictae
1219 3791 1427 3876 gratulabar).

420 3886 513 3948 Multi
547 3888 679 3967 denique
713 3896 786 3949 sunt
815 3888 883 3962 loci,
912 3888 963 3949 ubi
988 3890 1047 3951 duo
1070 3889 1199 3970 genitivi
1228 3910 1265 3951 ex
1290 3912 1348 3953 uno
1372 3911 1429 3953 no-

338 3985 420 4048 mine
453 3987 590 4066 pendent
621 3987 670 4049 vel
705 3985 785 4050 alter
817 3987 914 4051 altero
945 3989 1117 4068 subjicitur.
1172 3991 1197 4062 1,
1220 3993 1250 4064 3,
1272 3993 1292 4051 2
1315 3993 1428 4055 diversi

425 4131 448 4201 ¹)
472 4138 585 4209 Draeger
607 4139 626 4193 l.
650 4139 669 4192 1.
692 4158 720 4208 p.
745 4140 817 4194 452.

429 4216 452 4287 ²)
475 4224 587 4295 Draegor
610 4225 629 4278 1.
654 4225 673 4280 l.
696 4243 725 4294 p.
749 4227 822 4282 462.
866 4223 980 4278 Knhner
1002 4224 1021 4279 l.
1040 4227 1065 4280 ΙΙ.
1089 4245 1117 4296 p.
1142 4227 1222 4304 334.
