3248 5072
748 491 784 551 21

223 652 356 721 didisse.
392 653 424 718 D
447 654 476 734 3,
499 653 529 733 5,
551 656 572 718 3
594 653 623 721 61
653 654 734 720 adeo
761 654 913 721 infideles
937 659 1024 735 sunt,
1053 658 1216 743 profiteor,
1238 658 1318 746 quia

221 777 281 820 nec
304 753 477 847 illis'sunt
499 754 665 820 credituri.
690 755 777 838 (Liv.
801 760 886 842 poet.
910 761 1009 842 post.)
1026 751 1063 840 ¹).

305 857 372 919 Nec
396 879 458 946 non
481 861 594 921 contra
616 878 738 920 morem
762 856 892 942 optimae
915 855 1092 923 latinitatis
1115 856 1224 943 script.
1248 880 1316 923 una

220 941 395 1022 collocata
415 961 572 1043 sequente
606 956 706 1023 etiam
734 956 776 1022 ad
803 955 936 1042 singula
968 957 1104 1023 nomina
1119 957 1316 1043 copulanda

221 1060 431 1142 usurpantur.
454 1058 484 1136 2,
506 1058 557 1135 42,
580 1056 601 1119 5
622 1056 710 1122 intra
732 1056 969 1124 conscientiam
992 1057 1231 1148 communionis
1254 1079 1316 1122 nec

221 1180 286 1222 non
310 1157 410 1222 etiam
432 1156 468 1222 in
491 1157 682 1223 societatem
705 1156 855 1244 receptis.
880 1157 999 1242 (Varro
1022 1162 1106 1244 poet.
1131 1155 1312 1245 poster.)²).

304 1259 447 1322 Necdum
474 1280 531 1344 pro
560 1261 697 1322 nondam
725 1258 813 1344 apud
841 1257 976 1324 Livium
1005 1262 1039 1323 et
1060 1264 1179 1346 poster.
1209 1258 1315 1325 atatis

220 1357 406 1444 scriptores,
430 1358 488 1424 sed
510 1378 641 1445 perraro
664 1357 834 1424 invenitur
849 1351 886 1442 ³).
913 1359 940 1437 l,
967 1359 1017 1438 36,
1038 1362 1061 1424 4
1082 1383 1158 1424 nam
1182 1363 1314 1424 catem-

219 1463 347 1546 pestate
370 1507 428 1522 ...
452 1457 593 1524 necdum
620 1481 757 1544 regnare
780 1463 933 1545 coeperat.
965 1459 994 1537 2,
1021 1460 1072 1538 40,
1099 1459 1229 1545 equod
1252 1509 1258 1525 .
1280 1510 1313 1524 ..

220 1558 361 1624 necdum
386 1612 390 1624 .
411 1611 416 1624 .
437 1611 443 1623 .
468 1558 667 1625 conveniret.
701 1557 761 1623 Ofr
782 1560 817 1624 M
839 1560 868 1638 2,
891 1560 928 1623 8.
953 1560 985 1624 D
1008 1560 1038 1639 3,
1063 1561 1110 1638 14,
1133 1562 1162 1625 2.
1253 1611 1254 1614 .

239 1669 242 1676 “
303 1661 378 1724 Noa
411 1664 474 1724 aiei
505 1657 694 1745 frequenter
726 1683 792 1724 non
825 1659 1008 1747 interjectis
1038 1659 1114 1725 aliis
1142 1660 1314 1726 vocabulis

219 1759 267 1826 ita
289 1760 501 1838 collocantur,
524 1765 563 1825 ut
584 1759 682 1826 unius
705 1759 875 1846 particnlae
902 1759 970 1826 vim
994 1759 1171 1827 videantur
1191 1765 1313 1826 tenere.

221 1858 280 1926 cfr
304 1861 331 1940 1,
357 1861 383 1940 1,
406 1862 436 1924 6.
467 1861 494 1936 ι,
517 1861 567 1939 21,
590 1861 619 1924 3.
644 1862 672 1938 a,
695 1861 745 1940 31,
767 1863 797 1925 4.
821 1863 850 1940 a,
873 1862 924 1940 34,
949 1860 975 1924 1.
1000 1860 1033 1924 n
1058 1861 1085 1940 1,
1110 1861 1158 1940 10,
1183 1861 1210 1924 1.
1229 1860 1262 1926 ι)
1287 1862 1315 1940 1,
1403 1934 1406 1939 ,

219 1959 269 2041 14,
294 1962 311 2024 1
335 1963 419 2026 612.
443 1973 451 2034 1
458 1961 561 2040 Ρο61.,
584 1965 667 2047 post.
691 1962 836 2052 Kiihner
857 1962 879 2025 1.
904 1961 926 2024 1.
945 1985 975 2048 p.
993 1961 1064 2026 936.
1086 1961 1131 2026 Η.
1145 1985 1170 2026 6.
1183 1985 1211 2026 ι.
1224 1960 1313 2048 252).

304 2063 431 2126 Nedum
464 2061 640 2148 negatione
668 2083 734 2126 non
761 2084 941 2148 praegressa
968 2084 1040 2126 raro
1070 2060 1157 2148 apud
1185 2067 1314 2128 veteres

219 2161 329 2249 script.
354 2162 495 2228 occurrit
510 2157 549 2248 ⁴).
576 2163 603 2241 1,
628 2163 655 2240 1,
678 2164 699 2226 4
721 2185 781 2247 ego
803 2185 880 2227 vero
899 2211 949 2226 ...
967 2167 1076 2227 tecum
1089 2162 1245 2228 versabor
1263 2212 1269 2226 .
1284 2212 1312 2226 ..

218 2263 341 2328 nedum
365 2313 371 2326 .
391 2313 397 2327 .
417 2312 425 2326 .
448 2286 500 2327 me
523 2261 586 2329 tibi
608 2261 748 2328 aestimes
773 2260 972 2327 defuturum.

303 2365 473 2428 Porticclae
506 2364 698 2449 copulative.
745 2365 787 2426 Et
816 2362 903 2448 apud
932 2360 1091 2428 Severum
1125 2362 1315 2449 frequenter

220 2463 342 2550 legitur
374 2487 432 2550 pro
466 2463 566 2529 etiam
603 2486 709 2548 neque
749 2463 865 2542 solum,
898 2468 936 2528 ut
968 2462 1086 2549 saepins
1119 2463 1188 2551 jam
1222 2463 1313 2554 ¹apud
1337 2501 1341 2508 .

221 2564 386 2644 classicos,
410 2565 467 2651 qui
488 2568 657 2642 vocantur,
671 2563 781 2650 script.
797 2561 839 2649 ⁵),
859 2569 934 2629 ante
946 2563 1141 2649 pronomina
1152 2564 1312 2650 positum:

220 2663 1174 2744 Ι)1,25,5611116.2,1176111162,1216116.
1201 2665 1228 2744 1,
1246 2665 1314 2744 9,3

220 2770 317 2832 6116.
341 2767 370 2844 3,
393 2768 422 2844 3,
445 2767 466 2830 4
488 2771 520 2830 61
542 2764 636 2830 illud.
659 2764 693 2828 D
718 2765 744 2843 1,
768 2765 797 2843 8,
815 2764 997 2843 3etvobis;
1025 2765 1313 2830 velantenomina

221 2866 365 2953 propria:
401 2867 431 2930 Ε
462 2867 489 2944 1,
521 2865 560 2929 15
588 2869 622 2930 61
648 2864 689 2929 de
718 2863 832 2930 Paulo.
867 2866 896 2944 2,
924 2865 953 2943 6,
976 2865 996 2928 6
1019 2870 1052 2928 61
1074 2864 1229 2952 11616616
1254 2864 1313 2930 sed

221 2987 305 3053 saepe
328 2967 419 3033 alias.
444 2967 479 3032 M
503 2966 551 3045 11,
577 2969 592 3029 1
616 2971 650 3031 61
672 2965 785 3030 altare.
809 2966 841 3031 D
864 2967 894 3044 3,
918 2965 945 3044 7,
969 2966 988 3029 8
1011 2964 1213 3046 otmundus.
1237 2964 1312 3044 Dc,

223 3067 270 3147 13,
296 3070 312 3131 l
335 3073 369 3132 et
394 3067 528 3133 tribuni.
562 3067 597 3132 M
623 3068 650 3145 1,
673 3067 692 3131 8
716 3065 814 3132 simul
837 3071 878 3131 et.
904 3067 931 3144 1,
953 3067 1004 3143 48,
1026 3065 1047 3128 5
1070 3065 1149 3150 quin
1178 3070 1220 3131 et.
1254 3063 1314 3130 Ofr

221 3166 710 3253 Qffisszffissfflm

305 3267 444 3334 Locutio
473 3268 583 3334 illaec
606 3273 672 3354 ipae
695 3266 783 3353 apud
811 3265 1003 3332 Ciceronem
1025 3289 1109 3345 rara,
1132 3265 1231 3332 Livio
1255 3289 1312 3331 au·

220 3372 287 3434 tem
314 3376 347 3434 et
372 3373 493 3458 poster.
527 3390 724 3454 magnopere
758 3365 966 3453 frequentata
981 3363 1012 3454 6)
1042 3366 1129 3455 apud
1152 3364 1311 3433 Severum

219 3469 355 3556 legitur:
374 3471 403 3550 2,
425 3473 476 3550 44,
499 3472 528 3534 3.
551 3471 581 3548 2,
603 3470 653 3548 39,
676 3468 696 3531 5
719 3474 752 3534 61
773 3467 856 3554 ipsa.

172 3671 174 3676 ’
308 3687 333 3762 ¹)
356 3693 402 3748 cfr
430 3693 559 3748 nonunt
588 3693 605 3748 1.
637 3693 655 3748 ι.
684 3711 712 3761 p.
743 3693 814 3746 cre.
862 3691 976 3746 rainer
1008 3691 1027 3746 1.
1056 3692 1075 3745 1.
1106 3709 1133 3760 p.
1163 3691 1224 3744 666
1254 3706 1311 3757 seq.

221 3781 344 3851 Madvig.
369 3780 424 3836 Cic.
448 3781 509 3834 rin.
533 3781 598 3834 Exc.
625 3781 641 3834 3
667 3798 694 3848 p.
720 3777 780 3832 802
805 3794 881 3848 seqq.

310 3863 333 3933 2)
356 3867 471 3921 Kiihner
494 3867 512 3922 1.
537 3867 556 3920 1.
580 3885 608 3936 p.
633 3867 692 3920 625
718 3881 773 3934 666.
820 3864 911 3918 Hand.
936 3881 956 3917 s.
981 3882 1007 3916 v.
1032 3881 1060 3931 p.
1089 3864 1162 3936 111.

309 3948 334 4023 ³)
357 3955 468 4024 Draeger
491 3953 516 4007 11
540 3972 567 4022 p.
593 3953 642 4008 64.
687 3952 801 4005 Kiihner
824 3951 843 4004 1.
868 3952 886 4005 1.
911 3969 938 4020 p.
964 3950 1035 4004 619.

308 4035 333 4108 ⁴)
357 4039 472 4105 thner
495 4040 513 4095 1.
537 4039 556 4094 l.
581 4059 607 4109 p.
633 4039 703 4094 618.
750 4037 861 4107 Draeger
885 4037 906 4090 11
932 4053 960 4104 p.
985 4037 1056 4090 664.

310 4121 334 4195 ⁵)
357 4126 403 4180 etr
426 4123 555 4181 Kiihnast
578 4127 598 4181 l.
622 4127 642 4182 1.
666 4144 694 4195 p.
720 4125 779 4178 376
805 4140 860 4192 666.
885 4124 999 4178 thner
1023 4123 1041 4176 1.
1067 4121 1085 4174 l.
1110 4139 1137 4190 p.
1164 4121 1235 4175 637.

310 4205 334 4282 1)
358 4211 473 4267 Ksrhner
494 4213 514 4269 1.
538 4213 557 4267 1.
582 4232 609 4283 p,
635 4213 706 4268 460.
737 4211 848 4280 Draeger
870 4211 889 4264 1.
913 4211 932 4264 1.
957 4209 969 4262 I
992 4227 1019 4278 p.
1046 4207 1095 4262 81.
1128 4207 1244 4277 Madvig
1255 4205 1312 4261 cic.

220 4291 280 4355 nn.
305 4315 333 4370 p.
359 4299 417 4354 717
445 4315 502 4366 666.
