3248 5072
768 451 808 516 55

327 618 469 682 Ρνιεεοπε
491 620 528 683 ds
550 630 672 695 coactu,
696 629 731 684 ut
753 622 851 701 ajunt,
873 620 989 684 dictum
1011 623 1173 702 reperitur.
1195 623 1225 685 D
1250 624 1277 698 l‘,
1299 625 1333 697 4,

242 718 263 781 6
290 720 367 782 facis
399 720 576 796 inhumane,
605 722 657 802 qni
680 740 735 785 nos
758 720 867 784 Gallos
899 721 1038 784 homines
1072 721 1153 803 cogis
1189 725 1330 805 exemplo

242 820 419 900 angelorum
443 821 557 886 vivere.

325 937 550 1024 Imperfectum
571 939 674 1013 india,
698 939 750 1001 ubi
759 937 1106 1026 plusquamperfectum
1121 949 1329 1022 exspectares,

240 1037 353 1118 sapius
376 1047 557 1120 usurpatum
581 1039 743 1120 reperitur.
769 1042 796 1114 1,
821 1041 869 1114 13,
891 1041 911 1101 2
933 1043 987 1102 ssd
1010 1041 1155 1103 defuncto
1178 1060 1259 1122 rege,
1278 1041 1328 1124 qni
1397 1086 1400 1094 .

241 1157 292 1200 eos
315 1133 488 1202 ob‘merita
508 1139 625 1221 loseph
648 1140 779 1221 benigne
802 1141 937 1203 fovebat.
960 1142 989 1203 D
1014 1142 1041 1214 l,
1064 1135 1093 1215 7,
1116 1141 1328 1214 bmemelins,

240 1257 331 1319 quam
366 1241 525 1321 opinabar,
549 1241 680 1321 excepit.
725 1240 838 1322 (Plura
864 1241 956 1321 hujus
985 1261 1058 1304 usus
1082 1242 1225 1323 exempla
1246 1242 1328 1305 intra

239 1340 439 1419 proferemus,
462 1361 555 1423 quum
579 1341 618 1403 de
640 1341 904 1404 enuntiationibus
927 1349 1056 1423 tempor.
1080 1351 1113 1404 et
1134 1331 1328 1406 conditionass

239 1439 319 1502 libus
342 1441 441 1504 lusius
463 1441 717 1524 disputabimus).

322 1555 546 1644 Imperfectum
575 1559 655 1644 couj.
684 1559 750 1621 loeo
772 1558 894 1638 imperf.
917 1558 1157 1643 coujupatious‘s,
1181 1578 1248 1640 quae
1272 1579 1327 1622 vo·

240 1666 336 1732 catur,
359 1657 600 1742 periphrasticoe
627 1659 762 1739 positum
785 1659 917 1721 videtur.
954 1659 981 1733 1,
1003 1659 1054 1732 43,
1076 1660 1096 1720 4
1117 1659 1173 1721 illa
1195 1660 1333 1734 causari,

238 1778 297 1820 non
321 1778 389 1821 esse
412 1805 419 1820 .
439 1805 471 1820 ..
496 1759 554 1821 nisi
577 1759 722 1845 pusillum
737 1757 1084 1844 (olei),quoassuu1pt0
1108 1806 1115 1822 .
1136 1804 1144 1820 .
1165 1806 1173 1821 .
1196 1767 1325 1822 mortem

237 1867 442 1938 exspectaret.
477 1861 507 1933 2,
535 1860 585 1932 30,
614 1859 634 1922 6
662 1859 816 1922 nonnullis
849 1861 1023 1933 videbatur,
1050 1861 1145 1922 aedem
1169 1868 1325 1922 sacratam

236 1978 295 2021 non
326 1967 467 2039 oportere
495 1960 600 2034 deleri,
630 1979 697 2042 quae
721 1960 909 2022 ...diruta
937 1980 1102 2041 perennem
1131 1961 1325 2023 crudelitatis

236 2066 341 2121 notam
376 2060 537 2146 praeberet.
571 2062 605 2123 M
636 2062 684 2136 13,
709 2062 728 2122 5
757 2069 792 2122 ut
819 2081 878 2123 non
902 2070 985 2123 esset
1018 2061 1155 2135 dubium,
1179 2081 1270 2142 quam
1293 2061 1323 2122 in

236 2168 439 2239 partem
464 2169 626 2222 corrueret.
667 2162 696 2234 2,
731 2160 781 2234 51,
812 2161 826 2222 l
858 2168 992 2223 ceterum
1034 2161 1172 2222 Ithacius
1205 2161 1324 2235 videns,

236 2278 327 2340 quarn
350 2259 534 2322 invidiosum
559 2261 616 2322 sibi
640 2262 730 2334 foret,
753 2261 778 2322 si
801 2269 964 2323 accusator
986 2307 993 2322 .
1012 2307 1046 2322 ..
1069 2261 1233 2334 astitisset.
1311 2255 1314 2261 ’

318 2375 544 2464 Imperfectum
566 2377 603 2440 de
625 2387 747 2453 conatu,
770 2386 805 2440 ut
827 2379 925 2456 ajunt,
953 2378 1068 2442 dictum
1091 2377 1255 2440 invenitur.
1289 2377 1323 2440 M

235 2479 320 2558 prees.
347 2478 361 2539 1
388 2477 460 2559 quia
477 2477 595 2558 judicia
617 2479 754 2540 humana
776 2477 914 2540 vitabam
938 2524 997 2540 ...
1020 2480 1050 2553 2,
1073 2478 1234 2552 20,4cum
1260 2525 1321 2542 ...

233 2577 381 2640 instituta
403 2579 551 2659 majorum
575 2579 691 2640 violare
714 2579 874 2660 suppliciis
897 2588 1087 2661 cogerentur,
1107 2579 1183 2640 mori
1202 2579 1322 2642 malue-

233 2686 314 2740 runt.
339 2679 371 2740 M
399 2680 444 2752 15,
469 2680 483 2741 l
509 2679 580 2742 dum
604 2680 754 2760 templum
851 2688 1013 2743 everteret.
1041 2677 1322 2760 Etiamapudan-

233 2778 381 2862 tiquiores
404 2779 554 2861 imprimis
577 2781 659 2860 apud
683 2780 804 2843 Livium
827 2779 885 2843 hoc
897 2800 992 2862 genus
1005 2779 1124 2842 dicendi
1138 2771 1324 2864 occurrit¹).·

316 2895 505 2982 Perfectum,
528 2897 580 2959 ubi
600 2895 852 2984 plusquamperf.
871 2897 1025 2969 malueris,
1045 2905 1080 2959 ut
1091 2916 1320 2978 nonnumquam

234 2998 316 3077 apud
341 2997 417 3060 Caes.
441 2997 518 3060 Sall.
541 2997 609 3060 Liv.
632 2999 706 3060 Tac.
723 2991 765 3080 ²),
793 2999 837 3060 sic
859 3000 941 3078 apud
964 2997 1113 3060 Severum
1136 2996 1258 3077 legitur.
1292 2999 1320 3060 Ε

232 3099 262 3171 3,
287 3092 325 3158 17
347 3097 517 3179 testatique
550 3098 638 3160 nobis
667 3107 750 3172 sunt,
779 3099 830 3179 qui
858 3098 972 3161 ibidem
995 3099 1131 3171 fuerunt,
1149 3096 1264 3160 vidisse
1287 3118 1320 3160 se

318 3198 346 3259 D
369 3198 399 3270 3,
421 3199 451 3281 3,
473 3197 492 3259 5
515 3198 623 3261 mirum
648 3207 680 3260 et
701 3199 788 3272 illud,
818 3198 897 3280 quod
920 3197 990 3272 huic
1012 3244 1019 3260 .
1040 3244 1047 3261 .
1069 3245 1077 3260 .
1100 3197 1223 3260 memini
1247 3218 1321 3260 eon·

232 3297 349 3378 tigisse.
372 3317 428 3360 vas
451 3297 582 3360 vitreum
679 3299 823 3379 dsposuit
845 3305 877 3362 et
899 3319 927 3380 q.
946 3319 971 3360 s.
1004 3300 1065 3362 Pro
1082 3297 1198 3386 futuro
1213 3309 1320 3362 erasto

232 3406 413 3478 usurpatum
437 3398 569 3460 videtur.
592 3399 619 3460 E
641 3400 671 3472 3,
696 3400 734 3462 14
745 3400 773 3462 si
786 3399 871 3462 aliud
883 3399 970 3462 vobis
983 3399 1156 3479 exemplum
1171 3399 1320 3482 relinquo,

232 3499 369 3578 peccavi.
404 3499 466 3578 (De
500 3497 557 3560 hoc
589 3499 719 3580 perfecti
755 3520 812 3563 usu
845 3500 928 3581 apud
961 3508 1082 3562 veteres
1114 3499 1220 3581 script.
1249 3498 1319 3562 ride

232 3599 363 3664 Kithner
385 3617 414 3680 p.
437 3593 487 3662 97.
521 3599 646 3679 Draeger
668 3617 698 3680 p.
720 3594 807 3682 257).
846 3661 848 3666 ,

276 3761 278 3766 -
315 3716 495 3801 Perfectum
507 3734 590 3777 more
604 3724 686 3795 poet.
699 3716 776 3780 Sall.
789 3726 870 3798 post.
886 3707 918 3801 8)
936 3735 1163 3797 nonnumquam
1177 3715 1320 3778 adhibuit

232 3825 338 3880 noster
368 3820 407 3879 ad
436 3837 499 3880 rem
528 3835 610 3897 sape
644 3818 760 3880 factam
783 3826 817 3880 et
837 3819 902 3880 fieri
929 3816 1052 3880 solitam
1075 3815 1322 3897 significandam.

320 3996 344 4070 ¹)
366 4001 413 4057 ou
442 4003 553 4074 Drager
580 4003 599 4059 l.
628 4002 647 4058 l.
677 4021 705 4074 p.
735 4005 795 4060 278
819 4021 875 4074 seq.
920 4002 1035 4058 Kithner
1057 4001 1077 4058 1.
1100 4002 1120 4060 l.
1144 4021 1172 4074 p.
1197 4003 1234 4058 91
1260 4017 1321 4073 seq.

231 4087 358 4145 Kithnast
379 4087 400 4143 l.
423 4089 442 4142 l.
466 4107 494 4159 p.

319 4168 344 4242 ²)
367 4174 477 4246 Draeger
500 4176 519 4230 l.
542 4174 562 4231 1.
585 4193 614 4246 p.
640 4177 710 4232 258.
755 4175 870 4232 Kithner
893 4177 912 4232 l.
936 4175 956 4232 1.
981 4193 1007 4246 p.
1033 4175 1074 4230 99
1098 4190 1155 4244 seq.

319 4254 346 4328 ι)
368 4261 482 4317 Kinhner
505 4262 524 4317 1.
548 4262 567 4317 l.
591 4282 619 4334 p.
647 4264 716 4320 101.
756 4263 873 4337 Drcsgsr
894 4263 914 4320 1.
938 4263 957 4318 1.
973 4278 1009 4332 p.
1033 4261 1093 4317 258
1118 4277 1175 4331 seq.
