3248 5072
754 497 796 564 53

228 673 259 745 2,
281 669 311 744 8,
334 669 354 731 8
376 670 573 733 simulacrum
679 669 807 731 arbitrio
827 670 897 760 pjus
920 668 1066 730 dirutum.
1089 671 1119 743 2,
1144 668 1192 741 15,
1215 662 1234 728 7
1255 667 1321 730 ira·
1378 655 1380 658 ⁵

228 779 295 834 tum
330 779 386 832 551
418 771 576 851 placatum
597 771 710 833 Deum
744 769 957 832 vicissitudine
991 776 1145 848 expertos.
1182 769 1216 830 M
1242 767 1273 841 8,
1302 769 1318 835 l

230 873 363 933 clamore
387 879 419 933 et
442 871 527 933 luctu
549 871 648 933 tnrbae
671 871 848 952 plangentis
871 868 1033 949 excipitur.
1077 869 1144 930 Hoc
1159 869 1223 930 loco
1237 887 1320 930 com-

229 971 461 1034 memorandum
495 972 627 1045 videtur,
656 971 804 1036 Severum
834 969 1002 1051 saepissime
1030 978 1138 1053 sponte
1167 968 1321 1043 absoluta,

230 1080 265 1133 51
288 1073 387 1150 ajunt,
410 1091 469 1133 non
493 1071 599 1134 addito
622 1071 800 1152 pronomine
823 1070 1007 1151 possessivo,
1030 1088 1119 1132 nsum
1143 1068 1321 1144 55551,18,

229 1174 249 1233 2
271 1180 381 1252 sponte
410 1173 614 1251 permanenti.
651 1173 680 1244 2,
703 1166 753 1245 37,
779 1173 792 1232 l
819 1179 853 1233 ut
876 1178 987 1251 sponte
1010 1171 1221 1232 concederent.
1266 1169 1340 1232 cfr.

230 1275 259 1344 2,
287 1267 336 1345 47,
359 1270 388 1333 6.
412 1274 441 1344 2,
464 1273 514 1345 51,
537 1269 566 1333 6.
589 1273 627 1334 M·
645 1273 674 1345 2,
697 1273 726 1333 2.
749 1269 799 1344 20,
812 1272 841 1333 3.
865 1269 1010 1345 Esset
1024 1271 1070 1332 10.
1095 1269 1197 1348 (Post.
1212 1268 1320 1354 post).

313 1370 480 1435 Ablatious
512 1369 676 1456 qualitatis
709 1373 872 1434 admodum
907 1370 1076 1433 insolenter
1109 1372 1147 1432 de
1181 1378 1320 1450 tempore

229 1480 398 1553 usurpatus
432 1473 628 1546 51551551,
658 1471 709 1546 53,
736 1473 755 1533 5
783 1473 836 1534 sed
865 1471 1006 1533 Joachim
1034 1471 1135 1532 tribus
1164 1471 1322 1532 mensibus

229 1582 353 1653 tempus
381 1573 501 1654 imperii
530 1573 650 1634 habuit.
690 1571 852 1654 (Fortasse
874 1580 912 1634 ut
934 1571 1049 1650 duplex
1078 1571 1231 1652 genitivus
1255 1571 1321 1633 evi·
1359 1627 1360 1630 ,

230 1673 375 1756 teretur).

316 1773 483 1836 Alsietinus
505 1775 750 1858 comparationis
771 1773 954 1834 insolentius
967 1773 1088 1852 legitur.
1116 1773 1185 1846 Ε2,
1197 1773 1216 1834 5
1229 1771 1322 1834 551115

230 1875 350 1936 tristior
384 1874 457 1955 (Ovs
487 1875 555 1937 Liv.
589 1883 686 1955 post.;
715 1876 761 1936 alr
783 1873 914 1935 Kiihner
936 1873 955 1934 l.
979 1874 998 1933 l.
1022 1892 1052 1953 p.
1075 1867 1162 1951 976).
1196 1875 1226 1946 2,
1249 1870 1322 1946 35

231 1975 374 2038 omnibus
395 1983 468 2038 ante
490 1976 592 2056 regnis
615 1975 849 2038 validissimum.

312 2074 480 2138 Ablatiaus
502 2077 597 2160 cupias
619 2085 647 2138 at
669 2075 784 2159 inopias
806 2073 946 2156 seqnitur
969 2073 1136 2150 adjectiva,
1160 2094 1225 2154 quae
1247 2081 1322 2136 5551

229 2177 339 2256 515555
373 2177 513 2257 (perraro
547 2177 630 2256 apud
664 2176 727 2238 Cic.
758 2183 790 2236 et
819 2174 908 2246 Cana,
943 2173 1056 2253 saepius
1085 2175 1168 2252 apud
1197 2173 1266 2236 Liv.
1290 2181 1322 2234 51

231 2286 344 2357 poster.
378 2278 505 2357 Draeger
533 2276 551 2337 l.
580 2277 600 2336 l.
625 2295 652 2354 p.
676 2273 763 2354 559),
792 2273 879 2335 dives
907 2272 1022 2354 (Post,
1051 2273 1182 2336 Kiihner
1203 2274 1223 2334 l.
1247 2274 1266 2336 l.
1290 2293 1322 2354 p.

231 2377 318 2458 284),
353 2377 539 2450 5515515155,
568 2376 679 2437 viduus
706 2375 787 2454 (Col.
816 2373 939 2457 Apul).
983 2374 1203 2448 01·1„20‚1
1229 2373 1323 2453 plena

232 2479 335 2540 ornnia
363 2477 608 2541 sacerdotalibus
635 2475 806 2550 institutis3
841 2475 886 2536 cfr
907 2475 936 2538 D
960 2477 989 2549 2,
1012 2476 1041 2548 3,
1064 2477 1083 2536 2
1106 2473 1244 2558 (Saepius
1266 2493 1323 2556 gs-

232 2578 347 2640 nitivus
376 2579 503 2659 legitur:
537 2577 616 2651 El,
638 2576 667 2638 8.
702 2577 783 2650 Dl,
806 2577 835 2649 2,
858 2576 887 2638 5.
920 2573 1142 2657 55151).
1179 2575 1323 2648 1,15,2

233 2679 318 2740 dives
332 2688 363 2741 et
375 2679 547 2760 suiscopiis
560 2686 591 2740 et
604 2724 610 2738 .
625 2724 631 2737 .
645 2723 652 2738 .
666 2677 772 2760 spoliis
786 2676 978 2740 cumulatior.
1003 2678 1032 2750 2,
1049 2674 1097 2748 16,
1111 2676 1125 2736 1
1141 2675 1205 2738 viro
1217 2675 1323 2737 vidua.

316 2780 366 2841 Ad
401 2779 542 2841 ultimum
577 2779 787 2840 annotandum
823 2786 880 2850 551,
913 2777 1040 2839 verbum
1075 2775 1259 2856 degustandi
1287 2783 1323 2838 51

232 2881 369 2953 verbum,
399 2880 551 2960 quodcst
572 2879 665 2951 vesci,
689 2886 898 2940 constructum
924 2897 1000 2940 esse.
1037 2878 1064 2950 l,
1087 2879 1116 2950 2,
1139 2878 1158 2936 2
1181 2895 1250 2956 cum
1272 2876 1324 2938 in·

232 2980 366 3042 terdicta
399 2980 457 3043 sibi
494 2979 601 3042 arbore
635 2980 863 3060 degustassent.
909 2977 980 3058 (cfr
1008 2977 1130 3038 Firmis.
1160 2970 1188 3048 7,
1212 2970 1230 3036 7
1255 2976 1324 3057 5515

233 3081 376 3143 membris
400 3081 465 3158 ejus
488 3079 633 3162 epulatus
657 3078 730 3162 est).
794 3063 796 3068 ¹

581 3319 633 3386 Do
655 3337 724 3387 usu
747 3313 974 3402 Temporum.

315 3487 386 3548 Jam
410 3485 542 3566 primum
566 3485 873 3546 animadvertendum
898 3492 956 3557 est,
979 3459 1170 3546 Severumin
1184 3484 1324 3546 aratione

231 3588 337 3649 vivida
359 3595 452 3668 51555
471 3585 603 3646 15511515
622 3585 870 3666 frequentissime
882 3584 1045 3668 »55555511
1056 3583 1220 3646 historico»
1233 3603 1321 3662 usum

233 3707 309 3750 esse.
354 3687 458 3750 Etiam
482 3687 514 3748 in
537 3684 803 3749 enuntiationibus
817 3685 1012 3748 secundariis
1023 3684 1177 3746 interdum
1191 3683 1323 3746 occurrit

233 3787 383 3867 ejusmodi
405 3805 549 3869 praesens.
576 3786 603 3859 1,
626 3786 676 3858 33,
698 3786 718 3846 4
741 3805 808 3848 cum
833 3804 887 3865 per
909 3793 1027 3864 septem
1052 3784 1118 3846 dies
1144 3784 1322 3848 Samuelem

233 3889 370 3968 operitur
465 3890 494 3960 2,
517 3888 567 3959 25,
590 3889 609 3947 2
632 3886 684 3947 ubi
707 3905 740 3947 se
762 3886 900 3966 inparem
925 3885 1032 3958 cernit,
1056 3903 1161 3964 pacem
1185 3885 1322 3947 simulat.

232 3989 293 4051 Η15
316 4009 388 4050 5555
410 3988 488 4049 55115
510 4007 598 4050 rarus
622 4005 688 4048 esse
712 3987 794 4066 apud
818 3987 873 4048 sol.
897 4005 939 4047 or.
963 3985 1131 4064 scriptores
1143 3985 1266 4047 videtur
1280 3976 1325 4065 ¹),

178 4163 186 4180 ·
232 4091 257 4151 si
287 4089 458 4151 sententias
486 4108 524 4148 ex
551 4089 623 4150 dum
653 4087 808 4167 particula
841 4088 1012 4174 pendentes
1042 4085 1207 4166 exceperis.
1251 4086 1322 4146 Non
1436 4087 1441 4100 '

231 4235 429 4248 ..0-——0-——1

322 4303 347 4378 ¹)
368 4308 424 4364 cfr.
449 4305 563 4363 Kiihner
586 4309 605 4362 l.
630 4307 649 4362 l.
673 4326 702 4378 p.
727 4308 765 4365 87
790 4325 847 4378 555.
893 4305 1021 4364 Kiihnast
1042 4307 1061 4361 l.
1086 4306 1105 4360 l.
1128 4323 1157 4374 p.
1182 4305 1253 4360 219.
