3248 5072
733 497 770 558 31

296 659 462 747 Sequitur,
485 667 522 728 ut
543 662 800 748 praepositiones,
822 685 893 748 quae
916 661 1096 729 ablativum
1118 663 1300 749 requirunt,

211 761 367 849 deinceps
389 767 635 849 pertractemus.

294 865 346 928 Ab
368 862 408 927 de
430 885 475 942 re,
498 885 595 948 qnam
619 863 685 929 alie
707 885 758 930 res
781 862 929 949 proxime
952 862 1084 949 excipit,
1107 869 1301 951 usurpatum

211 962 381 1050 reperitur.
405 963 434 1041 2,
457 964 507 1043 39,
529 965 549 1028 3
573 963 612 1028 sb
635 964 697 1032 hoc
719 963 862 1050 partium
885 963 1038 1030 conflictu
1061 963 1170 1050 agitur
1185 965 1300 1031 inexi-

211 1064 303 1130 lium.
338 1062 428 1144 (Liv.
456 1069 553 1150 poet,
581 1069 664 1150 post.
693 1064 737 1130 H.
766 1087 790 1129 s.
814 1087 844 1127 v.
868 1086 899 1151 p.
921 1065 988 1148 45).
1032 1064 1129 1129 Unde
1152 1065 1224 1149 quis
1247 1065 1301 1143 sit,

212 1163 399 1230 nominibus
423 1164 553 1230 urbium
577 1164 762 1251 appositum
784 1169 893 1230 notat:
916 1166 945 1242 2,
967 1166 1018 1242 38,
1040 1162 1300 1251 3aSingidnno

211 1264 375 1342 Ursatins‚
408 1263 534 1338 Valens
562 1287 581 1329 a
609 1267 722 1332 Mursa
836 1264 978 1330 Acatius
1010 1288 1031 1330 a
1063 1263 1212 1330 Oaesaros

211 1364 388 1432 Narcissus
412 1387 432 1429 a
454 1364 666 1452 Neronopoli.
690 1365 822 1444 (Varro,
846 1364 920 1430 Liv.
939 1369 1042 1451 poet.)
1059 1361 1096 1452 ¹).
1131 1366 1195 1432 Pro
1210 1368 1294 1432 ebla-

210 1465 278 1532 tivo
306 1465 399 1530 instr.
433 1465 556 1551 legitur
571 1463 600 1541 ²)
628 1468 657 1542 2,
686 1468 736 1543 31,
763 1466 783 1529 b
810 1471 847 1532 ut
874 1465 957 1552 legis
986 1465 1127 1532 servitus
1155 1490 1174 1531 e
1201 1466 1299 1534 liber·

210 1571 278 1631 tote
301 1565 379 1632 fidei
402 1569 500 1651 atque
522 1565 668 1632 ecclesiae
690 1567 872 1632 tolleretur.

293 1670 428 1752 Absque,
445 1689 557 1731 vocem
574 1665 691 1754 priscis
704 1671 834 1731 tantum
846 1665 1101 1752 recentiorisque
1113 1668 1173 1733 aevi
1189 1667 1298 1753 script.

209 1767 366 1834 usitatam
382 1760 423 1850 ³),
453 1766 539 1854 apud
568 1765 727 1832 Severum
750 1766 868 1853 saepius
891 1789 948 1854 pro
971 1767 1043 1833 sine
1065 1767 1246 1854 reperimus
1274 1773 1299 1846 1,

209 1869 259 1945 22,
282 1868 303 1930 3
325 1867 462 1953 caesique
484 1890 596 1934 omnes
626 1867 748 1953 absque
771 1866 873 1934 ullius
897 1865 1030 1952 effugio.
1059 1870 1088 1946 2,
1111 1867 1161 1947 45,
1183 1871 1205 1934 4
1227 1869 1298 1934 abs·

209 1991 272 2054 que
301 1967 393 2034 exilii
415 1968 634 2054 indulgentia.
658 1969 693 2033 M
717 1968 744 2045 7,
767 1969 787 2032 2
810 1968 932 2054 absque
955 1968 1162 2054 baptismate.
1191 1970 1225 2034 M
1252 1973 1298 2042 14,

207 2072 229 2132 4
251 2069 372 2155 absque
395 2068 526 2157 injurie.
550 2069 580 2134 E
606 2071 633 2146 1,
657 2070 674 2135 7
698 2068 820 2153 absque
843 2067 956 2134 divino
979 2069 1127 2136 oonsilio.

293 2172 370 2236 Cam
385 2191 402 2234 e
417 2168 601 2255 depravata
613 2168 792 2234 latinitatis
805 2169 916 2254 script.
929 2169 1167 2236 consuetudine
1179 2170 1297 2256 sapius

209 2269 353 2338 ablativo
381 2269 627 2335 instrumentali
657 2267 858 2356 adjungitur.
891 2271 920 2347 2,
944 2271 995 2346 41,
1018 2272 1038 2332 3
1061 2269 1200 2355 propriis
1224 2294 1297 2336 cum

210 2371 394 2458 sumptibus
418 2370 537 2436 vivere.
561 2370 593 2435 D
616 2372 645 2448 3,
668 2372 697 2446 2,
720 2370 740 2433 6
762 2368 922 2455 pusillum
945 2369 1010 2435 olei
1032 2392 1106 2435 oum
1125 2371 1297 2437 exorcismi

209 2470 398 2557 praefatione
421 2469 599 2536 benedixit.
624 2468 684 2536 Ofs
703 2469 838 2535 Firmi'o.
862 2472 932 2547 3,1.
956 2471 1042 2547 18,3.·
1054 2471 1104 2549 28,
1121 2475 1145 2535 l.
1170 2469 1296 2558 Saepius

209 2595 306 2658 quam
330 2570 417 2658 apud
441 2571 642 2656 antiquiores
670 2570 780 2656 script.
796 2567 828 2654 ⁴)
840 2570 1083 2657 copulationem
1095 2571 1176 2637 setis
1188 2570 1297 2638 laxem

208 2672 371 2758 exprimit.
400 2677 424 2749 1,
445 2674 475 2747 4,
502 2677 513 2736 1
540 2695 616 2738 ιιιοι(
638 2695 658 2738 a
680 2671 751 2737 Deo
774 2690 848 2736 oum
863 2670 949 2736 filiis
972 2670 1188 2750 benedicitur,
1210 2677 1234 2750 l,
1247 2672 1297 2749 27,

207 2776 228 2836 4
248 2772 420 2838 mulierem
448 2794 521 2837 oum
550 2772 646 2838 domo
669 2776 702 2837 et
723 2776 816 2858 patre
830 2770 992 2843 ‘incendio
1015 2777 1296 2859 consumpserunt.
1322 2759 1325 2766 ¹

212 2880 237 2952 Ι,
259 2875 310 2950 44,
333 2875 352 2936 3
375 2872 488 2937 urbem
511 2895 585 2938 cum
607 2894 683 2958 rege
707 2870 857 2938 obsidere
880 2871 996 2958 coepit.
1020 2872 1056 2937 M
1077 2874 1127 2951 27,
1149 2876 1297 2938 4utnos

208 2996 335 3059 quoque
359 2995 431 3037 oum
454 2972 515 3038 teli
537 2972 607 3037 viro
630 2971 769 3039 oderint.
793 2971 1169 3059 consectemus.
1202 2973 1297 3043 Duas

207 3097 258 3140 res
286 3073 400 3140 eodem
427 3078 572 3159 tempore
600 3072 699 3139 simul
726 3072 798 3138 fieri
825 3071 960 3150 indicat,
983 3077 1021 3138 ut
1041 3072 1210 3140 interdum⁴
1227 3073 1297 3160 jam

208 3174 295 3261 apud
317 3180 444 3240 veteres
460 3173 500 3248 5).
525 3174 555 3239 Ε
579 3175 608 3249 3,
634 3174 671 3238 17
695 3195 769 3240 oum
791 3173 853 3238 hac
876 3195 953 3240 voce
977 3172 1129 3264 spiritum
1141 3173 1297 3240 reddidit.

207 3273 266 3340 Ofr
292 3275 370 3340 Min.
401 3274 473 3340 Fal.
495 3278 526 3352 4,
548 3276 568 3336 6
590 3289 625 3340 et
646 3273 826 3360 sepissime
848 3272 951 3360 Apul.
985 3271 1249 3358 (Oerozioll.
1273 3275 1295 3340 1.

205 3399 236 3463 p.
259 3377 347 3460 313).

289 3477 341 3541 De
362 3499 420 3561 pro
443 3498 538 3562 praep.
563 3477 601 3540 ol
625 3473 785 3561 originem
808 3472 982 3559 significet,
1005 3473 1040 3540 id
1063 3474 1150 3560 qnod
1172 3497 1244 3541 raro
1262 3481 1295 3542 et

207 3576 294 3664 apud
316 3581 401 3662 poet.
423 3580 544 3662 poster.
568 3574 699 3641 evenire
722 3574 866 3640 Kiihner
887 3573 935 3665 (p.
957 3575 1034 3653 363)
1059 3572 1163 3640 docet.
1190 3579 1215 3653 l,
1234 3575 1296 3652 7,4

206 3677 246 3744 de
274 3699 340 3764 que
366 3675 437 3764 ipse
465 3675 623 3742 oriundus
657 3674 840 3741 videbatur.
884 3672 1063 3762 Complura
1090 3678 1183 3738 verba
1207 3675 1293 3761 apud

205 3775 364 3844 Severum
392 3799 465 3843 oum
493 3776 533 3842 de
560 3792 618 3862 pro
640 3774 693 3852 iis,
716 3797 785 3860 quae
808 3774 948 3848 suntab
971 3775 1023 3840 vel
1046 3798 1096 3854 ex,
1119 3774 1309 3863 conjuncte.

204 3877 421 3966 reperiuntur.
448 3881 474 3954 l,
497 3877 547 3954 25,
569 3877 589 3945 3
612 3874 762 3941 deterre
857 3874 1024 3942 eduxerat.
1051 3881 1077 3954 1,
1100 3874 1309 3952 54,4educi·.

202 4049 306 4057 ...υ-.-

292 4127 316 4202 ¹)
338 4134 467 4189 Kfibnast
490 4134 509 4188 1.
533 4133 552 4186 1.
576 4150 604 4204 p.
630 4133 701 4188 859.
805 4125 829 4198 ²)
853 4133 963 4202 Draegcr
985 4133 1004 4188 1.
1029 4132 1048 4189 1.
1072 4149 1101 4201 p.
1126 4132 1196 4188 548.

291 4213 317 4286 ⁸)
339 4220 453 4276 Kiibner
475 4221 492 4275 1.
518 4219 536 4274 l.
560 4237 588 4288 p.
614 4219 685 4274 372.
731 4217 843 4289 Draeger
866 4219 884 4272 l.
910 4220 928 4274 1.
951 4237 981 4288 p.
1005 4219 1076 4274 638.
1147 4267 1148 4272 ,

289 4300 313 4376 ⁴)
336 4305 427 4362 Hand.
451 4325 472 4360 s.
497 4325 523 4361 v.
546 4323 576 4376 p.
602 4305 660 4361 137
683 4321 741 4374 seq.
844 4299 870 4371 ⁸)
892 4304 984 4366 Hand.
1007 4323 1030 4359 s.
1053 4324 1079 4360 v.
1104 4323 1131 4374 p.
1159 4305 1228 4361 141.
