3248 5072
759 439 799 500 25

238 608 331 669 rente
353 602 582 689 cognovimus3
609 603 664 670 hio
687 603 774 670 euim
798 603 852 670 vol
873 604 1073 692 praecadenti
1096 610 1153 672 aut
1174 606 1332 693 subjungi

228 702 451 770 ,manifestum
480 709 539 769 est.
583 703 843 792 Nonnumquam
871 729 925 770 neo
946 745 989 754 —-
1009 707 1057 770 vel
1079 710 1113 771 et
1134 730 1189 771 neo
1211 747 1254 755 -
1277 721 1332 772 out

239 803 326 870 inter
348 827 386 870 se
405 804 614 891 respondent.
659 803 735 888 Qua
757 805 798 870 de
819 828 855 870 re
877 805 954 871 vide
976 780 1160 872 Halmiuin.

328 906 381 970 Vel
408 903 587 992 saepissima
609 904 644 970 in
668 907 893 996 amplificando
916 905 1076 986 adhiberi,
1099 907 1156 972 vix
1177 930 1260 994 opus
1281 912 1333 974 est
1450 901 1453 908 ’

240 1027 503 1071 commemorare.
527 1003 586 1070 Ofr
607 1007 636 1084 2,
660 1007 710 1085 20,
733 1007 753 1070 2
775 1007 828 1071 vel
851 1006 886 1072 in
909 1006 997 1073 bello
1016 1007 1217 1073 occumbere.
1239 1009 1269 1085 2,
1281 1009 1333 1087 28,

175 1123 178 1128 ·
242 1106 334 1171 lvel
357 1104 541 1172 inmanium
563 1105 753 1172 bestiarum.
788 1108 817 1186 2,
840 1108 891 1186 28,
913 1109 934 1172 2
956 1108 1010 1174 vel
1032 1107 1067 1174 in
1090 1106 1238 1174 feminis:
1274 1107 1333 1174 Ofr

239 1208 268 1286 2,
290 1207 342 1285 49,
365 1207 452 1272 au
474 1207 524 1283 22,
547 1206 576 1272 5.
600 1207 630 1272 Ε
654 1208 683 1285 2,
709 1207 756 1272 14.
780 1207 812 1272 D
838 1208 865 1286 1,
887 1210 918 1286 4,
940 1209 970 1272 6.
993 1207 1026 1274 Ι)
1051 1210 1078 1287 l,
1101 1208 1172 1288 ab.
1195 1209 1332 1288 Ι)1,20,

239 1306 268 1370 b.
292 1306 325 1371 D
350 1307 376 1385 l,
399 1305 450 1385 21,
473 1308 501 1370 6.
526 1307 557 1372 D
580 1308 610 1385 2,
633 1308 662 1386 8,
685 1308 714 1372 9.
738 1307 771 1372 D
794 1310 823 1386 3,
846 1308 877 1387 5,
899 1309 920 1372 3
942 1312 975 1374 61
997 1308 1125 1395 saepius.
1160 1310 1202 1375 In
1225 1333 1332 1374 exem·

240 1407 304 1494 plis
328 1406 505 1474 afferendis
528 1407 663 1494 legitur:
692 1409 722 1486 2,
747 1410 795 1488 14,
817 1411 838 1473 4
860 1407 959 1494 idque
982 1409 1035 1474 vel
1058 1432 1098 1474 ex
1110 1410 1172 1475 hoc
1184 1409 1333 1496 conjicio,

240 1507 335 1594 quod.
380 1505 439 1572 Ofr
461 1509 496 1574 M
521 1509 568 1586 16,
594 1507 620 1572 l.
644 1508 676 1573 D
699 1510 730 1587 2,
750 1512 782 1588 4,
804 1511 834 1574 3.

326 1608 499 1674 Interdum
527 1631 586 1694 per
614 1622 668 1674 out
688 1649 731 1658 —
753 1623 808 1674 aot
835 1633 884 1690 ea,
912 1633 982 1695 quae
1009 1610 1148 1696 aequalia
1174 1614 1208 1675 61
1235 1609 1333 1676 unius

240 1708 307 1774 fere
336 1708 465 1796 generis
494 1713 581 1787 sunt,
609 1715 851 1796 componuntur
876 1710 934 1789 ita,
962 1715 1000 1776 ut
1022 1711 1244 1797 copulativam
1265 1710 1333 1777 rim

240 1809 360 1876 habere
387 1809 572 1876 videantur.
608 1808 674 1894 Qui
697 1833 776 1876 usus
800 1811 847 1878 sio
871 1811 1064 1898 explicatur,
1077 1815 1114 1876 ut
1133 1811 1255 1889 dicant,
1267 1834 1333 1876 non

241 1911 381 1976 alterum
404 1909 587 1976 membrum
612 1911 714 1976 altero
738 1912 822 1991 tolli,
836 1911 894 1977 sed
911 1911 1047 1978 tertium
1060 1912 1192 1978 excludi
1208 1909 1248 1996 ¹).
1276 1910 1321 1976 Of

240 2011 275 2078 M
297 2012 327 2090 2,
349 2014 370 2076 4
393 2011 522 2080 animus
545 2015 657 2076 tamen
680 2016 738 2078 aut
760 2012 848 2078 circa
870 2013 1071 2078 monasteria
1094 2018 1152 2079 aut
1174 2013 1260 2078 circa
1282 2034 1333 2077 ec·

241 2111 376 2178 closiam
400 2134 529 2199 semper
551 2111 700 2177 intentus
724 2113 954 2178 meditabatur.
979 2111 1038 2177 Ofr
1060 2113 1090 2177 Ε
1114 2113 1143 2193 3,
1169 2115 1216 2178 19.

324 2220 389 2278 Aut
411 2235 469 2300 pro
493 2236 564 2276 nece
587 2212 675 2298 opud
703 2209 862 2277 Severum
885 2235 1133 2300 nonnumquam
1154 2213 1277 2300 legitur
1293 2211 1333 2298 ²).

244 2319 270 2393 1,
291 2317 322 2392 4,
348 2318 361 2378 l
387 2335 428 2378 ue
451 2311 613 2398 sanguine
636 2317 823 2378 vesceretur
846 2318 904 2379 aut
926 2313 1120 2400 sanguinem
1144 2363 1151 2378 .
1171 2363 1203 2378 ..
1227 2312 1334 2380 effun-

242 2414 341 2480 deret.
366 2414 398 2478 D
427 2419 451 2492 l,
474 2414 504 2492 6,
530 2417 543 2477 l
569 2412 707 2500 nequis
732 2463 738 2476 .
759 2462 792 2477 ..
816 2413 943 2500 legeret
965 2418 1022 2479 aut
1044 2415 1189 2480 haberet.

324 2515 494 2580 Portioulae
517 2517 729 2578 adversativa.
774 2520 817 2580 At
839 2514 1071 2582 historicorum
1093 2514 1235 2580 maxime
1258 2537 1334 2580 con·
1393 2598 1398 2604 .

241 2614 416 2682 suetudine
443 2615 479 2680 in
505 2614 649 2680 transitu
673 2613 714 2678 ad
738 2614 837 2680 aliam
860 2638 929 2680 rem
952 2615 1149 2680 narrandam
1172 2613 1335 2681 sexcentis

240 2716 321 2782 locis
355 2715 496 2782 occurrit
511 2709 553 2801 3),
581 2719 614 2780 61
643 2715 823 2802 saepissime
857 2716 991 2801 quidem
1020 2739 1093 2780 cum
1121 2739 1335 2804 personarum

240 2815 429 2882 nominibus
452 2816 505 2881 vel
527 2814 778 2903 pronominibus
802 2816 1028 2904 conjunctum:
1055 2821 1081 2894 l,
1105 2818 1134 2895 7,
1156 2818 1186 2881 3.
1212 2822 1239 2894 1,
1262 2817 1291 2894 8,
1309 2821 1334 2880 l.

244 2923 270 2998 l,
297 2919 327 2996 9,
354 2918 383 2980 3.
416 2921 441 2994 l,
471 2917 519 2996 10,
546 2918 576 2980 4.
608 2920 635 2996 1,
666 2919 714 2994 11,
740 2918 770 2981 4.
802 2922 829 2996 1,
854 2918 902 2995 14,
930 2921 955 2995 l,
979 2922 1054 2994 cet.;
1089 2915 1279 3002 frequenter
1301 2920 1336 2982 61

241 3018 313 3084 ille:
341 3022 366 3096 l,
393 3019 438 3096 14,
462 3019 490 3083 3.
519 3022 543 3096 l,
567 3015 617 3096 25,
640 3018 669 3080 3.
699 3021 722 3095 Ι,
745 3017 796 3095 26,
819 3016 848 3081 5.
876 3021 902 3094 1,
925 3016 975 3096 35,
998 3015 1027 3080 5.
1052 3017 1087 3080 Μ
1107 3019 1154 3096 13,
1167 3018 1196 3082 8.
1221 3012 1343 3094 1115]

242 3117 274 3183 D
298 3119 327 3197 2,
352 3123 400 3197 11,
423 3120 443 3182 3
465 3123 499 3183 et
521 3140 605 3204 saepe
629 3115 721 3182 alias.

326 3216 488 3284 Similiter
510 3232 641 3283 ceterum
671 3215 825 3283 Sallustii
849 3221 882 3282 et
903 3217 995 3282 Livii
1017 3241 1106 3282 more
1129 3217 1164 3283 in
1188 3211 1335 3283 oratione

242 3318 466 3385 continuanda
493 3319 545 3383 vel
573 3322 611 3385 ut
637 3317 814 3385 transitum
842 3323 936 3404 paret
958 3319 1070 3383 crebro
1094 3318 1278 3385 adhibetur.
1295 3314 1334 3400 ⁴).

242 3418 301 3485 Ofr
325 3424 351 3498 1,
379 3422 425 3498 12,
447 3420 477 3483 ὁ.
508 3423 534 3498 l,
557 3421 608 3498 21,
630 3419 660 3482 6.
688 3420 717 3497 2,
743 3419 791 3497 16,
816 3418 843 3482 7.
872 3421 901 3497 2,
924 3419 974 3497 36,
996 3421 1026 3484 4.
1055 3421 1084 3498 2,
1106 3419 1157 3497 38,
1179 3418 1209 3483 5.
1232 3421 1261 3497 2,
1285 3420 1335 3497 39,

241 3524 271 3587 4.
295 3521 327 3585 D
350 3522 379 3600 2,
405 3521 452 3599 10,
474 3522 504 3584 4.
533 3519 744 3598 D2,13,1.
773 3518 806 3582 D
830 3519 859 3599 2,
885 3521 933 3598 14,
960 3524 971 3583 1
999 3523 1032 3584 61
1054 3519 1182 3606 saepius.
1227 3519 1335 3584 Inter·

243 3622 321 3686 dum
348 3619 480 3707 legitur,
508 3643 582 3684 cum
605 3618 709 3685 oratio
732 3617 866 3685 insertis
890 3619 1064 3686 sententiis
1092 3621 1277 3705 interrupta
1299 3641 1336 3683 ac

244 3721 370 3787 deflexa
397 3721 438 3784 ad
461 3719 649 3786 institutam
677 3720 918 3806 expositionem
939 3743 1052 3786 rursus
1076 3719 1262 3785 restituitur
1283 3721 1337 3784 vel

243 3809 317 3888 cum
345 3845 445 3888 causa
471 3820 630 3899 redditur,
659 3842 717 3884 cur
744 3820 786 3885 de
814 3819 926 3905 aliqua
953 3843 988 3885 re
1016 3819 1140 3885 mentio
1169 3819 1213 3885 sit
1239 3818 1336 3886 facte.

244 3922 302 3990 cfr
327 3923 359 3987 D
386 3925 412 4001 1,
434 3922 464 4000 ὃ,
482 3923 512 3986 3.
535 3923 568 3986 D
592 3923 622 4001 3,
644 3921 674 4000 5,
696 3921 725 3986 2.

242 4073 440 4087 -ι--σ-,-

332 4155 356 4230 ι)
378 4162 425 4218 cfr
450 4162 562 4218 Klibnor
585 4162 604 4217 l.
628 4162 647 4217 l.
671 4180 700 4232 p.
727 4163 798 4217 707.
904 4154 928 4228 ²)
951 4161 1066 4230 Madvig
1090 4161 1109 4216 1.
1134 4161 1152 4214 1.
1177 4160 1193 4227 ὅ
1217 4162 1288 4214 459.

330 4241 639 4318 occurerre.
737 4243 1337 4317 01111638.161666116370.
