3248 5072
746 413 787 480 39

227 643 228 650 ,
280 649 282 656 y
306 577 368 641 Per
390 581 544 658 quoddam
567 581 776 646 anacoluthiae
797 603 893 664 genus
910 581 1076 662 participia
1087 580 1241 642 interdum
1253 599 1314 642 non

222 677 253 740 iu
272 679 378 742 eodem
397 687 554 760 ponuntur
570 700 653 756 oasa
666 702 725 763 quo
737 691 811 745 suut
822 682 983 756 vocabula,
995 682 1035 746 ad
1050 701 1118 762 quse
1129 681 1314 745 referuntur.

222 778 384 859 Exemplis
406 779 447 842 ab
468 780 594 844 Halmio
616 801 646 861 p.
670 783 689 844 3
712 783 817 846 allatis
839 782 905 846 hec
922 783 985 846 iere
998 782 1142 846 addenda
1153 779 1314 844 videntur:

225 879 253 953 l,
283 879 332 954 ll,
354 880 374 942 3
397 899 464 944 cum
494 882 658 962 prodeunti
690 902 795 964 puero,
824 884 863 948 ad
893 881 1124 954 dinoscendum,
1150 879 1202 961 qui
1229 880 1315 961 prius

223 987 413 1054 nasceretur,
435 981 589 1044 obstetrix
616 1002 742 1048 manum
771 984 837 1064 ejus
866 1001 955 1046 cocco
977 981 1139 1063 illigasset.
1167 982 1199 1054 2,
1223 981 1272 1054 10,
1293 980 1313 1043 5

223 1087 358 1142 ceterum
382 1080 515 1144 Esdram
539 1081 615 1145 nihil
638 1103 731 1164 super
751 1083 918 1147 reficienda
940 1083 1015 1145 urbe
1037 1081 1136 1163 egisse
1150 1080 1314 1161 comperio,

223 1180 313 1241 credo
347 1181 498 1261 potiorem
528 1202 632 1245 curam
659 1191 747 1256 ratus
769 1229 778 1246 .
797 1229 830 1248 ..
855 1184 884 1249 D
910 1184 937 1258 l,
971 1182 1017 1257 15,
1039 1183 1060 1244 4
1082 1200 1153 1243 nam
1183 1181 1314 1244 subinde

221 1280 382 1355 restitans,
404 1281 536 1344 subinde
562 1291 743 1365 respectans
766 1284 857 1347 facile
880 1291 1004 1364 poterat
1025 1273 1167 1362 intelligi,
1188 1281 1219 1342 id
1244 1300 1311 1343 eam

224 1380 313 1456 velle,
336 1389 372 1442 ut

305 1481 367 1543 Ubi
390 1483 480 1579 plura
502 1483 644 1564 subjecta
662 1485 844 1566 junguntur,
869 1485 1046 1563 frequenter
1068 1483 1150 1562 apud
1164 1481 1312 1544 Severum

220 1583 260 1643 ad
283 1579 464 1661 proximum
485 1583 620 1646 refertur
648 1603 793 1647 uumems
816 1585 903 1648 verbi
926 1584 975 1645 vel
999 1582 1143 1662 adjectivi
1166 1581 1215 1644 vel
1238 1601 1314 1662 par-

220 1681 330 1762 ticipii.
374 1682 438 1745 Res
460 1685 486 1746 si
509 1685 651 1765 subjecta
673 1686 860 1766 significant,
884 1691 1023 1766 cognatae
1044 1683 1225 1764 plerumque
1249 1682 1313 1762 sig-

220 1781 407 1845 nificationis
434 1791 517 1845 sunt.
550 1787 576 1859 1,
605 1787 650 1859 11,
672 1785 692 1847 8
714 1805 786 1866 spes
813 1771 909 1866 atque
938 1784 1023 1846 salus
1045 1783 1182 1864 Aegypti
1205 1781 1236 1844 in
1258 1782 1313 1844 illo

222 1881 284 1944 sita
305 1891 383 1944 erat.
409 1885 436 1958 l,
458 1883 509 1958 54,
532 1885 551 1947 5
573 1886 716 1948 obsessos
739 1886 786 1948 vis
808 1886 944 1948 hostium
968 1892 1000 1946 et
1022 1885 1152 1964 penuria
1172 1883 1313 1962 urgebat.

220 1983 250 2054 2,
272 1983 302 2055 2,
325 1983 345 2045 5
367 1985 421 2046 sed
450 1985 564 2046 ferrum
598 1994 694 2068 atque
722 1993 836 2048 testum
871 1987 953 2048 inter
982 2004 1015 2047 se
1044 1985 1204 2046 confusum
1233 1982 1313 2045 coire

221 2102 279 2144 nou
309 2091 444 2163 poterat.
474 2087 504 2158 2,
527 2079 578 2159 37,
601 2079 620 2146 7
642 2088 718 2149 fides
747 2106 837 2149 sacra
859 2094 892 2148 et
913 2085 1030 2147 veritas
1060 2083 1162 2165 potior
1184 2091 1260 2145 erat.
1283 2084 1313 2146 D

223 2184 250 2257 l,
272 2183 323 2256 25,
346 2182 365 2245 6
388 2204 426 2246 ne
449 2205 511 2266 qua
533 2205 571 2248 ex
594 2186 651 2248 hoo
673 2187 798 2248 vanitas
821 2194 915 2268 atque
937 2185 1057 2247 inflatio
1073 2231 1079 2245 .
1093 2231 1122 2250 ..
1141 2184 1312 2264 obreperet.

220 2283 364 2345 Persona
387 2286 536 2365 subjectis
559 2294 722 2350 notantur:
749 2288 776 2360 1,
801 2281 850 2359 17,
873 2289 892 2347 2
915 2293 1075 2364 assumpto
1094 2284 1200 2345 Aaron
1214 2293 1246 2346 et
1257 2283 1313 2346 Ur.

222 2385 250 2455 1,
275 2382 323 2456 19,
345 2385 365 2444 2
388 2385 527 2448 adhibito
546 2395 660 2450 'secum
688 2387 806 2461 Aaron,
833 2387 946 2449 Nabad
971 2392 1002 2447 et
1029 2384 1144 2446 Abiud.
1170 2385 1198 2456 1,
1220 2385 1271 2457 21,
1294 2381 1314 2445 6

221 2492 350 2565 excepto
383 2486 462 2547 enim
491 2486 522 2548 J.
551 2495 583 2549 et
613 2487 668 2551 Cb.
694 2489 721 2561 1,
748 2489 795 2561 14,
818 2488 838 2549 5
861 2489 1012 2550 advocato
1036 2486 1074 2546 ad
1098 2505 1130 2546 se
1153 2485 1194 2546 Μ.
1219 2493 1251 2545 et
1276 2483 1313 2546 A.

220 2586 250 2658 2,
272 2583 302 2658 9,
326 2587 345 2646 2
368 2586 461 2667 Syria
484 2596 578 2668 atque
600 2589 699 2650 omnis
721 2588 833 2650 Jndaea
855 2587 1029 2668 regebatur.
1052 2587 1083 2659 2,
1105 2585 1159 2658 51,
1177 2585 1314 2664 lOplebs

297 2695 328 2747 et
350 2687 486 2765 optimus
510 2688 720 2770 unusquisque
743 2689 854 2768 probro
878 2697 972 2768 atque
985 2686 1116 2748 ludibrio
1129 2685 1314 2757 habebatur.

220 2787 250 2859 2,
271 2785 322 2858 44,
347 2786 361 2847 l
389 2788 660 2850 constantissimus
688 2789 770 2850 inter
793 2808 844 2850 eos
867 2788 1043 2849 habebatur
1066 2793 1171 2848 noster
1192 2787 1314 2866 Foega-

221 2884 289 2948 dius
313 2893 345 2947 et
367 2886 520 2950 Servatio.
557 2888 629 2950 Jam
654 2890 787 2969 optimos
809 2888 976 2968 scriptores
996 2889 1043 2948 ita
1061 2886 1172 2967 saepius
1187 2886 1313 2960 dixisse,

219 3005 268 3048 res
292 2993 340 3048 est
363 2987 526 3050 notissima
542 2981 583 3072 ¹).

304 3087 467 3149 Contraria
499 3091 588 3152 modo
617 3089 746 3170 pluralis
776 3107 921 3151 numerus
950 3087 1085 3166 ponitur,
1114 3085 1166 3147 ubi
1189 3085 1314 3164 optimae

220 3195 301 3248 notae
329 3188 497 3266 scriptores
530 3190 716 3270 singularem
746 3187 966 3268 praetulissent.
1000 3187 1029 3248 D
1058 3188 1088 3258 3,
1111 3185 1141 3258 6,
1163 3186 1184 3247 4
1204 3185 1257 3247 ille
1280 3203 1313 3246 se

218 3286 240 3348 J
241 3306 339 3360 ovem,
353 3287 413 3349 iste
425 3289 611 3351 Mercurium
625 3290 816 3352 fatebantur.
840 3288 999 3350 Interdum
1012 3287 1135 3348 Livium
1149 3293 1181 3348 et
1193 3304 1314 3364 semper

221 3387 284 3450 iere
302 3388 445 3450 Tacitum
465 3389 523 3452 hoc
540 3391 629 3452 modo
643 3390 761 3451 locutos
774 3408 841 3451 esse
855 3395 1050 3453 commouent
1062 3386 1255 3467 grammatici
1271 3377 1313 3469 ²).

303 3487 529 3568 Appositionis,
542 3509 610 3570 quae
621 3489 735 3551 dieitur
746 3489 914 3571 partitive,
926 3487 991 3549 baec
1003 3487 1150 3550 annotavi
1162 3486 1312 3566 exempla.

220 3589 252 3649 M
275 3589 326 3661 20,
349 3590 368 3648 2
392 3589 443 3670 qui
465 3589 670 3670 imperatores
694 3609 786 3652 uuum
811 3608 904 3670 regno
928 3589 1061 3651 alterum
1084 3588 1151 3650 vita
1174 3586 1313 3667 expulis-

220 3699 277 3750 set.
301 3689 329 3750 D
355 3689 382 3761 1,
407 3689 455 3763 15,
478 3691 497 3752 5
521 3710 596 3772 quos
619 3690 756 3770 singulos
778 3691 816 3752 de
834 3689 1070 3771 rupeprolatos.
1105 3686 1198 3748 Tales
1210 3694 1313 3748 struc-

221 3798 298 3850 turae
320 3807 454 3868 perrara
482 3800 556 3854 sunt
578 3791 661 3870 apud
687 3791 865 3853 Ciceronem
889 3798 921 3852 et
944 3789 1111 3860 Caesarem,
1133 3789 1215 3867 apud
1239 3786 1313 3848 Sal-

221 3889 347 3951 lustium
373 3897 476 3952 autem
501 3900 532 3953 et
553 3891 676 3952 Livium
699 3891 935 3953 increbruerunt
950 3881 992 3973 ³).

223 4003 403 4111 '‘Ti—cn·
426 4040 540 4097 nunna
562 4043 581 4096 1.
606 4041 625 4095 1.
649 4058 675 4110 p.
701 4042 751 4096 30.
1141 4084 1146 4091 ,

309 4119 334 4194 ²)
357 4127 472 4186 Kanna
495 4129 514 4182 1.
538 4129 558 4185 1.
581 4146 608 4198 p.
634 4129 683 4183 31.
731 4129 842 4199 onager
866 4128 884 4182 1.
910 4129 928 4182 r.
952 4144 980 4196 p.
1008 4127 1066 4181 1⁷4
1090 4141 1147 4194 seq.

308 4205 332 4277 Ψ)
354 4213 402 4270 (lfr
424 4215 537 4286 Droeger
561 4215 579 4268 l.
603 4215 623 4269 l.
647 4232 675 4284 p.
700 4215 729 4269 3.
