3248 5072
864 451 904 518 72

337 622 545 694 (1818181118
564 621 652 708 opud
673 621 732 688 sel.
756 645 802 690 or.
827 631 977 690 auctores
998 644 1067 690 nen
1087 621 1135 688 its
1150 619 1370 709 bsquenssst
1385 619 1423 705 ²}

335 763 380 778 -
401 721 611 790 Attributunr
643 721 846 790 substantivi
877 727 990 790 suunt
1018 721 1180 810 primarie
1203 722 1425 791 enuntiationi

336 823 484 890 relativis
515 823 684 890 inseritur.
717 824 744 902 1,
770 823 822 902 41,
853 821 868 888 1
902 845 976 888 enm
1009 821 1116 892 laxari
1137 821 1202 894 sibi
1222 823 1425 910 stipendium

337 923 551 1011 poposeisset,
573 923 661 1008 qued
682 920 841 990 Salomon
862 921 1093 1010 gravissimum
1115 922 1316 1009 inposuerat.
1340 925 1373 989 D
1396 926 1425 1003 3,

339 1025 389 1104 15,
413 1025 430 1088 1
452 1024 489 1090 in·
511 1046 596 1102 erse,
618 1045 688 1109 qne
709 1045 813 1109 pem
834 1023 1014 1092 odiendum
1035 1023 1211 1092 ambiebat.
1234 1023 1321 1107 (Oio.
1344 1048 1425 1092 nou·

337 1125 440 1191 nullis
476 1124 556 1190 loeis
589 1128 623 1188 et
654 1122 709 1192 bio
741 1123 812 1190 illie
846 1124 920 1193 Iris.
950 1128 984 1190 et
1004 1129 1124 1210 postor.
1148 1123 1283 1211 Dreger
1305 1125 1325 1190 1.
1350 1127 1371 1190 l.
1395 1149 1424 1212 p.

333 1225 423 1311 415).
448 1223 507 1290 ot
528 1224 628 1290 etiem
650 1224 687 1290 D
708 1225 736 1302 1,
761 1225 808 1303 16,
834 1225 850 1290 1
874 1225 1050 1298 herborum
1071 1223 1341 1310 radicibusque
1354 1249 1425 1312 per·

334 1325 443 1391 duleis
466 1323 632 1394 interdum
654 1331 689 1392 et
709 1323 839 1410 saporis
860 1324 975 1392 eximii
997 1323 1062 1392 fert
1083 1325 1216 1390 hersne..

420 1428 687 1511 rumperem
698 1426 841 1512 obliquo.¹
853 1426 944 1492 More
960 1423 1265 1511 antiquissimorum
1275 1426 1385 1512 seript.
1397 1422 1426 1506 ²)

335 1525 540 1592 indieetirue
570 1525 607 1592 in
633 1525 744 1592 interr.
769 1525 832 1591 obl.
857 1526 988 1612 legitur.
1011 1526 1041 1590 Ε
1065 1525 1094 1605 3,
1116 1527 1139 1590 3
1158 1548 1248 1611 rogo,
1271 1527 1426 1612 quemod-

337 1626 472 1692 modum
503 1631 571 1692 tem
605 1625 669 1690 eito
706 1625 850 1712 epistula
872 1626 951 1692 ills.
966 1625 1117 1712 ..potuit
1138 1627 1317 1712 peruenire.
1342 1627 1377 1692 D
1400 1629 1426 1705 1,

334 1727 366 1805 8,
396 1727 415 1790 6
443 1725 502 1792 sed
523 1748 631 1812 queso
654 1731 696 1804 ts,
719 1725 804 1792 liber
825 1725 891 1794 iste
911 1725 1074 1812 numquid
1095 1727 1158 1792 hoo
1179 1726 1286 1792 solum
1308 1727 1426 1796 vitium

335 1826 481 1892 dernnet.

423 1924 523 1992 Multi
559 1932 636 1992 sunt
668 1926 742 2004 loci,
777 1925 834 1991 ubi
863 1951 903 1989 an
925 1949 983 2014 pro
1006 1951 1044 1993 os
1065 1927 1119 1992 vel
1141 1951 1216 1989 oum
1239 1933 1426 2014 usurpetur,

336 2027 425 2116 quod
458 2049 561 2114 genus
594 2026 750 2113 loquendi
772 2031 862 2116 poet.
882 2026 956 2100 Liv.
980 2031 1063 2116 post.
1089 2048 1162 2094 esse
1183 2031 1297 2100 notum
1320 2034 1370 2094 eet
1402 2036 1425 2112 l.

340 2128 368 2205 1,
402 2129 450 2205 12,
478 2128 497 2190 3
530 2134 567 2196 ut
589 2151 628 2194 ex
651 2149 690 2191 eo
711 2132 917 2215 quaereretur,
942 2151 983 2196 en
1006 2126 1061 2194 ist'
1098 2123 1157 2194 Ofr
1179 2128 1214 2198 M
1235 2127 1272 2218 5,
1287 2130 1316 2192 5.
1341 2128 1373 2193 D
1399 2129 1426 2208 1,

335 2229 367 2307 2,
390 2229 419 2293 3.
453 2227 486 2292 D
511 2229 538 2308 1,
559 2231 589 2309 4,
611 2230 640 2293 3.
675 2228 710 2292 D
730 2230 759 2308 3,
784 2229 836 2307 10,
858 2229 875 2290 1
898 2229 1089 2315 interroget,
1113 2251 1164 2298 en.
1201 2226 1260 2293 Ofr
1281 2231 1310 2310 2,
1333 2229 1427 2308 30,5

340 2325 444 2396 fertur
477 2327 687 2408 deliberasse,
711 2353 761 2396 en.
786 2330 821 2394 M
845 2329 893 2409 18,
918 2331 934 2392 1
957 2327 1109 2415 imperet,
1132 2334 1170 2394 ut
1192 2349 1234 2394 en
1257 2352 1353 2396 verus
1376 2353 1426 2395 ee-

337 2434 390 2494 set
412 2429 466 2495 hie
488 2430 625 2495 nuntius
648 2428 815 2495 fateretur.
838 2432 867 2509 2,
891 2431 941 2508 29,
964 2427 985 2494 5
1006 2429 1179 2508 incertum,
1204 2451 1254 2500 an.

421 2535 473 2594 Ao
505 2529 700 2615 perticulam
732 2553 790 2616 pro
824 2553 872 2608 eo,
907 2530 1002 2617 quod¹
1028 2534 1079 2595 est
1112 2553 1219 2615 quem,
1246 2529 1428 2596 insolenter

337 2627 490 2694 adhiberi
522 2628 577 2694 hie
603 2627 792 2715 praeteriens
816 2652 1014 2696 commoneo.
1039 2629 1069 2694 Ε
1095 2630 1122 2708 1,
1145 2631 1164 2694 6
1188 2629 1293 2715 edque
1315 2630 1426 2696 neseio

337 2752 381 2794 en
408 2751 498 2815 paene
526 2729 600 2816 plus
627 2727 728 2795 fuerit
748 2729 871 2795 vixisse
894 2730 929 2794 in
951 2727 1114 2816 profundo
1138 2751 1179 2795 en
1202 2752 1302 2817 eupre
1323 2729 1425 2796 meris

338 2826 503 2916 profunda
520 2829 687 2896 transisse.

338 2999 341 3008 ,
405 2932 507 2994 Num
535 2931 626 2995 nullo
656 2929 727 2996 loeo
749 2930 872 3011 inveni,
895 2934 1050 3016 ovemquid
1071 2929 1188 2996 duobis
1210 2930 1300 2996 loeis.
1324 2929 1374 3022 (D
1399 2931 1426 3010 1,

336 3031 367 3108 8,
390 3031 418 3094 6.
442 3029 475 3094 D
498 3031 527 3109 2,
552 3031 600 3110 11,
622 3032 668 3114 4).

422 3130 547 3196 Notum
570 3134 629 3210 est,
665 3155 733 3198 voe.
757 3131 796 3212 ei,
818 3137 857 3197 ut
879 3129 1068 3198 Graeeorum
1091 3135 1126 3210 sl,
1149 3129 1316 3196 interdum
1338 3131 1425 3218 spud

338 3235 467 3297 veteres
505 3231 615 3318 script.
655 3231 766 3298 interr.
801 3232 968 3319 porticulus
1002 3230 1136 3296 notione
1170 3230 1320 3296 adhiberi
1351 3236 1428 3319 post

336 3329 670 3416 rerbeexepeetendi‚
683 3332 887 3418 experiundi,
911 3331 1062 3408 sonandi,
1084 3327 1260 3416 similis⁴).
1286 3330 1425 3398 Severus

337 3435 448 3496 suum
470 3430 602 3516 longius
624 3436 790 3518 erogetur.
814 3433 846 3498 D
873 3435 900 3511 1,
922 3435 952 3512 2,
975 3435 995 3500 2
1019 3455 1060 3499 ex
1081 3436 1114 3496 te
1136 3431 1363 3500 audiemussi
1376 3485 1382 3498 .
1397 3485 1403 3496 .
1417 3484 1436 3518 ·‚

337 3529 1073 3610 11181112,11,3(111ω111,81...1ηἰ811.

422 3633 664 3704 Eouotiute'oms
694 3635 889 3723 temporales.
935 3635 1169 3722 Cossluootioue,
1203 3633 1260 3718 qui
1281 3640 1425 3713 vocetur,

335 3734 502 3797 *iteratione
536 3732 654 3819 sepius
681 3732 795 3820 pertis.
823 3737 921 3820 tempu
951 3734 1118 3821 subjectus
1141 3732 1310 3818 reperitur.
1346 3735 1425 3812 1,1,

428 3913 454 3988 ι1
475 3921 585 3992 Draeger
608 3923 626 3977 l.
650 3923 668 3976 1.
692 3943 719 3994 p.
743 3925 814 3990 471.

428 3997 452 4076 ²)
475 4006 559 4065 Holze
581 4008 616 4063 11.
640 4028 669 4084 p.
696 4010 753 4065 110
778 4026 835 4078 seq.
880 4010 991 4082 Draeger
1014 4027 1040 4078 p.
1067 4008 1126 4062 446
1151 4024 1229 4083 seqq.
1260 4008 1372 4062 Kiihner
1396 4027 1423 4077 p.

336 4091 400 4144 989
424 4107 586 4248 llqllddhner
609 4179 627 4235 1.
653 4180 672 4234 1.
699 4201 723 4250 p.
753 4182 842 4236 1023.
866 4182 977 4252 Draeger
1000 4198 1027 4249 p.
1054 4180 1125 4234 460.

426 4258 451 4335 ⁴)
474 4265 587 4320 thner
608 4266 627 4321 l.
654 4269 671 4320 Ι.
695 4285 723 4336 p.
748 4268 819 4322 946.
