3248 5072
825 443 865 504 52

295 615 459 677 ordinante
483 612 676 693 dispositum.
699 609 729 672 D
752 613 781 686 2,
804 610 834 683 6,
857 613 876 674 2
895 612 1039 676 diadema
1051 632 1109 674 non
1123 611 1258 694 legitime
1270 613 1388 675 tumul·

296 721 408 780 tuente
431 713 528 776 milite
550 713 762 793 impositum..
785 710 919 791 Optimae
943 712 1111 774 latinitatis
1133 715 1239 792 script.
1262 733 1331 776 raro
1344 713 1387 776 sic

297 815 417 878 locutos
439 833 506 877 asse
530 821 653 876 constat
668 803 710 892 ¹).
1296 896 1300 906 ν

380 912 547 980 Ablata'aas
569 933 669 975 canace
690 931 899 992 saepeuumero
922 913 1005 994 apud
1029 913 1178 976 Severum
1200 913 1341 985 occurrit,
1355 922 1388 976 et

296 1016 475 1095 frequenter
508 1015 641 1096 quidem,
664 1013 745 1074 sicut
767 1014 849 1093 apud
878 1014 1032 1093 principes
1062 1013 1179 1094 script,
1207 1033 1331 1076 causam
1354 1015 1386 1076 in

296 1115 400 1178 animo
423 1115 526 1188 sitam,
549 1134 587 1177 ex
610 1132 672 1194 qua
692 1113 796 1194 prodit
824 1113 915 1187 actio,
939 1122 1046 1176 notare
1069 1113 1229 1193 reperitur.
1273 1114 1386 1176 Verbis

295 1215 504 1280 intransitivia
530 1215 579 1278 vel
608 1213 742 1294 passivis
774 1214 971 1293 subjunctus:
1005 1214 1032 1287 1,
1054 1213 1105 1288 26,
1133 1214 1152 1275 b
1181 1214 1283 1302 dolore
1313 1235 1386 1276 con-

296 1315 402 1379 scissis
425 1315 574 1377 vestibus.
596 1313 626 1376 D
651 1314 679 1388 1,
704 1314 752 1388 14,
774 1313 794 1375 5
817 1314 946 1394 dejectis
968 1314 999 1376 in
1023 1323 1136 1376 terram
1161 1316 1312 1395 profundo
1328 1333 1386 1394 pu·

296 1417 370 1480 dore
394 1415 570 1478 luminibus.
593 1416 622 1476 D
645 1415 675 1487 3,
700 1415 728 1487 1,
750 1412 770 1476 6
794 1413 972 1476 curiositate
1001 1416 1219 1495 potiusquam
1242 1414 1386 1496 religione

297 1525 458 1580 venerunt.
480 1517 509 1577 D
532 1517 562 1588 3,
587 1516 635 1588 11,
660 1517 698 1575 10
722 1514 856 1577 avaritia
877 1515 1081 1596 repugnabat.
1104 1516 1135 1588 2,
1158 1510 1187 1587 7,
1213 1517 1226 1576 1
1253 1516 1343 1578 facile
1354 1517 1386 1577 id

296 1617 392 1680 Dario
415 1635 596 1698 persuasum
619 1615 756 1676 stultitia
777 1629 889 1694 regum‘
905 1615 1050 1677 omnium.
1087 1614 1201 1678 Verbis
1214 1617 1386 1678 transitivis

296 1719 433 1782 additur.
458 1719 485 1790 1,
509 1711 560 1790 37,
582 1718 601 1778 2
625 1715 727 1777 dolore
819 1715 956 1796 jugulari
980 1735 1048 1778 eum
1073 1716 1228 1796 praecepit.
1255 1718 1282 1790 1,
1304 1715 1386 1790 48,3

297 1818 501 1881 ministerium
530 1819 707 1878 detrectans
736 1835 794 1878 non
824 1816 1018 1877 contumacia
1047 1817 1099 1877 sed
1130 1816 1333 1896 praescientia.
1356 1818 1385 1889 2,

298 1913 347 1992 17,
370 1916 389 1979 9
413 1918 600 1981 affectantes
629 1935 780 1978 summum
809 1915 1015 1977 sacerdotium
1039 1916 1176 1990 libidine,
1200 1904 1333 1978 auaritia
1356 1924 1388 1978 et

295 2018 475 2081 dominandi
499 2016 650 2096 cupidine.
674 2017 707 2077 M
729 2016 759 2088 4,
781 2016 802 2077 4
824 2025 909 2077 metu
922 2035 1031 2095 pugnae
1047 2017 1221 2078 detrectare
1234 2017 1385 2079 militiam.

296 2119 325 2181 D
348 2120 377 2190 3,
404 2119 452 2190 12,
473 2119 492 2179 3
516 2117 584 2179 odio
607 2117 710 2196 potius
734 2136 830 2197 quam
849 2116 1065 2178 causafecisse
1079 2116 1251 2178 discidium.
1283 2118 1387 2180 Causa

294 2219 405 2280 oblata
438 2218 628 2280 extrinsecus
656 2237 714 2280 uon
745 2216 844 2278 rarius
872 2216 1003 2296 simplici
1032 2217 1170 2278 ablativo
1194 2217 1385 2298 exprimitur.

299 2321 327 2394 1,
355 2320 404 2392 31,
426 2319 447 2381 4
470 2319 555 2397 cujus
581 2319 625 2379 rei
655 2317 802 2380 miraculo
835 2317 932 2397 reguli
961 2337 1064 2378 arcam
1094 2318 1201 2380 secuti.
1233 2319 1259 2390 1,
1291 2313 1338 2390 17,
1366 2319 1386 2380 4

295 2419 387 2500 hujus
422 2419 547 2482 consilio
576 2418 697 2479 ordines
726 2417 830 2497 populi
861 2417 1029 2478 distribuit.
1066 2419 1093 2490 1,
1120 2418 1172 2489 24,
1194 2419 1214 2479 4
1236 2418 1386 2480 instinctu

296 2520 355 2583 Dei
377 2538 479 2599 regem
502 2518 669 2580 interemit.
698 2521 722 2589 1,
744 2516 773 2588 8,
799 2518 813 2577 1
834 2517 967 2579 assiduis
980 2517 1083 2579 mariti
1096 2519 1238 2598 precibus
1251 2519 1387 2598 geminos

295 2620 404 2684 edidit.
433 2621 462 2690 2,
485 2619 536 2690 41,
559 2619 578 2678 3
600 2617 705 2696 inopia
733 2617 847 2696 proprii
880 2617 1003 2697 publico
1032 2618 1101 2679 usui
1130 2628 1212 2680 sunt.
1241 2622 1270 2679 2.
1294 2620 1386 2692 2113

295 2718 559 2798 contemplatione
583 2716 680 2780 cladis
776 2717 944 2796 vectigalia
1039 2719 1181 2780 remittit.
1205 2721 1233 2780 D
1256 2719 1387 2792 2‚12‚4

296 2819 399 2882 vincla
432 2818 581 2898 propositi
609 2839 646 2879 ne
675 2816 803 2880 Martini
833 2817 954 2897 quidem
984 2819 1244 2899 contemplatione
1267 2819 1387 2881 laxavit

377 2922 403 2994 l,
427 2920 477 2992 33,
500 2919 518 2980 5
542 2918 675 2980 alienum
700 2938 718 2979 a
741 2938 773 2980 se
797 2917 896 2980 Deum
920 2919 1032 2980 delicto
1056 2920 1145 3000 regis.
1171 2920 1198 2992 1,
1221 2919 1271 2992 46,
1295 2920 1387 2982 3Dei

296 3011 506 3083 misericordia
528 3019 664 3099 depulsis
687 3018 838 3081 hostibus.
862 3019 895 3080 M
917 3021 1003 3098 praef.
1027 3019 1046 3080 5
1069 3029 1104 3080 ut
1126 3019 1387 3082 soloecismisncn

295 3123 518 3184 erubescerem.
545 3119 575 3181 D
605 3121 635 3191 3,
662 3118 692 3192 8,
720 3121 739 3180 3
763 3138 830 3180 cum
861 3119 1055 3181 erubesceret
1088 3120 1228 3182 minister
1250 3130 1385 3182 auctore.

296 3223 326 3282 D
349 3223 379 3294 3,
404 3222 452 3292 11,
477 3221 512 3281 ll
537 3219 622 3300 regni
646 3221 832 3282 necessitate
862 3220 1077 3294 excusabitur;
1105 3222 1151 3282 cfr
1173 3240 1208 3282 ao
1231 3251 1262 3273 =
1286 3241 1323 3282 ea
1344 3241 1385 3282 re.

298 3321 327 3394 l,
351 3323 400 3394 13,
422 3318 451 3382 6.
480 3320 583 3392 2,.14,
606 3321 635 3382 3.
663 3321 693 3393 2,
715 3320 765 3392 40,
788 3321 818 3381 5.
862 3320 930 3380 Hoc
958 3321 1019 3381 abl.
1049 3340 1149 3382 eausae
1178 3341 1273 3401 genus
1304 3322 1386 3401 apud

295 3440 399 3483 aureae
421 3420 526 3482 atatis
549 3420 714 3499 scriptores
737 3419 795 3482 nisi
819 3418 848 3481 in
873 3419 1056 3500 quibusdam
1076 3421 1305 3484 formulisaatis
1318 3390 1391 3482 rard

297 3521 440 3602 usurpari
473 3520 667 3599 grammatici
707 3521 819 3582 docent
835 3510 875 3602 ²).
932 3519 1026 3599 Apud
1060 3520 1156 3583 infimi
1192 3522 1248 3583 aevi
1281 3522 1387 3601 script.

295 3621 428 3684 ablativi
462 3639 562 3682 causae
597 3629 685 3681 usum
720 3620 946 3699 infrequentem
971 3640 1038 3683 esse
1061 3621 1198 3683 affirmat
1219 3621 1345 3704 Draeger
1368 3622 1386 3682 l.
1440 3645 1444 3656 ·

296 3722 318 3785 L
342 3721 550 3884 affatim
576 3820 663 3884 modi
689 3821 841 3882 interdum
872 3821 955 3884 solus
978 3822 1103 3902 ponitur
1125 3840 1179 3921 pm
1202 3841 1269 3884 oum
1293 3842 1388 3903 praep.

297 3943 384 4004 sequ.
419 3922 480 3983 abl.
508 3923 538 3994 2,
567 3922 597 3994 4,
629 3923 640 3982 1
672 3921 924 4002 principem
953 3921 1081 3984 arbitrio
1114 3922 1239 3984 victoris
1270 3923 1388 3985 datum.

296 4065 496 4078 Μ

390 4153 411 4224 ¹)
435 4158 544 4226 Draeger
566 4157 585 4210 1.
610 4157 629 4212 l.
653 4176 681 4228 p.
706 4159 778 4212 547.
823 4158 937 4213 Kiihuer
959 4175 987 4227 p.
1012 4158 1083 4214 273.

388 4240 413 4305 ²)
436 4243 481 4298 Cfr
503 4242 614 4313 Draeger
635 4244 654 4298 l.
678 4244 697 4298 l.
721 4261 750 4313 p.
775 4246 847 4300 544.
891 4243 1020 4299 Kiihnast
1043 4244 1062 4298 l.
1086 4244 1105 4300 1.
1127 4263 1155 4316 p.
1182 4245 1240 4300 163
1264 4260 1321 4313 seq.
